3174 4860
675 214 896 300 ..26-

338 429 369 494 2.
403 429 488 494 Issa.

266 536 378 602 Primo
407 535 490 600 bello
513 535 644 618 Illyrico
672 536 762 616 Issa,
796 514 881 616 quae
905 554 926 601 a
952 534 1110 600 Romanis
1145 535 1325 616 petiverat,
1360 539 1399 600 ut

178 663 214 710 se
248 643 290 710 ab
324 641 479 708 Ardiaeis
513 641 719 707 vindicarent
753 641 811 728 (D.
837 639 932 708 Oass.
956 641 995 708 fr.
1019 642 1073 722 47,
1098 641 1130 706 2;
1166 640 1319 724 Melber),
1354 641 1398 706 ab

178 751 226 817 eis
259 750 403 816 liberata
435 752 495 816 est.
549 747 687 830 Zippelii
721 748 885 815 sententia
920 747 972 832 (R.
995 747 1040 813 H.
1064 747 1085 813 i.
1108 747 1160 814 Ill.
1183 767 1215 830 p.
1239 746 1306 830 47),
1342 747 1400 829 qui

178 857 219 924 de
245 856 376 923 foedere
404 860 474 921 tum
496 855 584 921 inter
605 856 774 922 Romanos
798 861 832 921 et
854 856 1003 921 Issenses
1026 855 1115 920 facto
1140 853 1280 936 cogitat,
1308 855 1400 921 nulla

179 963 308 1031 ratione
342 962 588 1044 comprobatum
624 980 701 1028 nam
736 967 769 1028 et
795 961 925 1046 Polybii
949 961 1006 1047 (Π,
1032 962 1088 1043 11,
1114 961 1167 1045 12)
1196 965 1230 1026 et
1251 960 1400 1042 Appiani

180 1071 241 1156 (M.
260 1071 290 1152 7,
309 1070 340 1155 1)
356 1069 469 1151 verba,
486 1068 603 1151 quibus
618 1068 733 1151 Zippel
748 1068 874 1150 nititur,
890 1069 987 1151 plane
1002 1069 1037 1134 in
1053 1067 1253 1134 contrariam
1268 1072 1399 1150 partem

178 1178 310 1246 abeunt.
340 1178 456 1260 Neque
483 1176 569 1241 enim
591 1175 625 1241 in
647 1194 729 1243 voce
752 1174 913 1259 Appiani:
938 1181 1088 1263 *κατέφυγε
1111 1174 1251 1241 foederis
1275 1175 1398 1242 mentio

171 1285 316 1369 ,reperiri
338 1288 449 1367 potest
471 1302 591 1366 neque:
615 1290 825 1372 “προσδέχεσθαι
845 1290 883 1357 εἷς
903 1289 995 1350 πίστιν’
1018 1282 1101 1367 (Pol.
1118 1283 1139 1349 l.
1155 1282 1190 1366 l.)
1207 1282 1293 1349 idem
1309 1281 1400 1348 Valet

179 1410 219 1460 ac
241 1392 356 1458 foedus
379 1390 530 1474 facere.¹)
574 1388 639 1456 Sed
663 1409 736 1456 cum
758 1392 983 1458 Romanorum
1011 1389 1135 1456 tutelae
1164 1408 1200 1456 se
1229 1389 1399 1456 commise-

178 1499 255 1580 rint,
280 1498 322 1565 ab
338 1497 493 1564 Ardiacis
516 1497 647 1564 liberati
670 1516 743 1563 esse
764 1497 919 1564 videntur
940 1497 1003 1563 hoc
1025 1497 1110 1563 bello
1134 1495 1187 1581 (cf.
1204 1496 1399 1577 Mommsen,

180 1604 267 1673 CIL.
282 1605 346 1687 ΙΠ,
369 1624 400 1687 p.
423 1602 515 1686 393);
540 1623 625 1670 anno
649 1601 795 1672 5871167
824 1605 870 1670 eis
893 1604 1029 1671 libertas
1053 1608 1087 1670 01
1108 1603 1298 1672 immunitas
1322 1621 1399 1670 con·

182 1732 295 1781 cessae
312 1716 389 1779 sunt
405 1731 426 1778 a
440 1712 560 1794 populo
572 1711 723 1779 Romano
736 1712 822 1795 (Liv.
835 1710 1021 1797 47),26,12).
1048 1712 1167 1794 Itaque
1182 1710 1225 1778 ab
1239 1711 1303 1776 hoo
1317 1695 1399 1777 tem·

180 1840 259 1903 pore
279 1821 355 1886 Issa
369 1819 403 1885 in
419 1818 603 1885 civitatium
618 1818 794 1885 liberarum
810 1837 944 1885 numero
960 1818 1112 1885 habenda
1127 1823 1188 1886 est.
1225 1817 1400 1904 Augusti’)

180 1927 381 2010 temporibus
404 1925 471 1992 iam
494 1925 613 1991 civium
636 1926 860 1992 Romanorum
884 1929 958 1991 erat
980 1925 1077 2011 (Plin.
1105 1944 1138 1992 n.
1166 1926 1197 1992 h.
1221 1926 1285 2007 111,
1311 1924 1398 2009 152).

333 2052 365 2117 3.
455 2069 473 2116 ο
531 2051 551 2118 ’.

175 2130 188 2198 Ῐ
267 2051 583 2240 Daorsessaprrssltcr
604 2157 791 2224 libertatem
810 2157 952 2225 Romani
975 2175 1061 2224 anno
1077 2154 1224 2225 6871167
1248 2158 1399 2224 immuni·

180 2268 285 2336 tatem
309 2269 541 2332 concesserunt
565 2263 650 2350 (Liv.
667 2263 721 2345 45,
738 2265 791 2347 26,
810 2264 874 2349 14).

338 2393 371 2458 4.
404 2390 576 2457 Risinium.

337 2514 369 2582 5.
405 2512 512 2580 Olcini
571 2564 578 2577 .

108 2707 111 2714 .
266 2622 428 2689 Risinium
452 2625 485 2688 et
510 2533 672 2687 &licinium
696 2622 816 2704 oppida
838 2621 942 2689 libera
969 2626 1004 2687 et
1026 2622 1184 2689 immunia
1208 2640 1281 2689 esse
1304 2621 1397 2688 iussa

178 2727 518 2797 000100005871167
536 2727 622 2813 (Liv.
639 2728 693 2810 46,
710 2729 763 2810 26,
782 2727 849 2811 13);
870 2729 1016 2812 Augusti
1023 2725 1046 2813 ²)
1063 2733 1176 2796 aetate
1192 2729 1259 2796 iam
1275 2728 1396 2812 oppida

179 2836 299 2904 civium
321 2837 546 2903 Romanorum
570 2840 665 2902 erant
689 2835 786 2921 (Plin.
810 2854 842 2902 n.
866 2836 898 2901 h.
921 2835 985 2916 ΙΠ,
1011 2834 1098 2919 144).
1314 2873 1318 2880 -

711 2977 872 3045 Moesia.

267 3104 405 3186 Moesia,
429 3122 493 3186 quo
522 3122 608 3171 anno
635 3103 806 3186 provincia
828 3103 981 3170 Romana
1002 3103 1094 3171 facta
1116 3102 1175 3186 sit,
1210 3107 1287 3185 post
1308 3103 1399 3170 Mar·

181 3212 368 3297 quardtium
384 3210 445 3297 (St.
463 3211 504 3278 V.
520 3209 563 3292 1²,
587 3232 616 3293 p.
636 3209 712 3293 302)
733 3229 838 3293 nuper
853 3209 1013 3277 tractavit
1028 3209 1278 3277 Domaszewski
1295 3210 1400 3293 (Neue

180 3320 329 3387 Heidelb.
345 3318 464 3386 Jahrb.
480 3319 508 3400 I,
525 3338 556 3401 p.
575 3317 639 3382 193
654 3318 751 3401 sqq.).

340 3445 369 3512 1.
498 3494 505 3512 .

269 3552 322 3618 De
335 3569 372 3618 eo
385 3444 548 3618 figgrrtaatis
564 3549 763 3631 testimonie,
780 3549 867 3632 quod
878 3549 1061 3616 Mommsen
1073 3549 1134 3636 (St.
1147 3551 1188 3618 R.
1200 3550 1263 3631 ΠΙ,
1280 3570 1310 3633 p.
1326 3551 1402 3633 707,

182 3677 211 3727 a.
236 3660 269 3743 4)
293 3657 476 3742 proposuit,
499 3657 614 3724 videas
638 3675 723 3740 quae
747 3657 814 3724 dixi
838 3678 869 3739 p.
888 3658 939 3724 12.

671 3800 915 3869 Macedonia.

267 3925 463 3993 Macedonia
497 3929 532 3991 et
553 3926 651 3992 urbes
675 3924 842 4006 Graecae,
877 3944 962 4009 quae
986 3925 1148 3992 Thraciae
1177 3943 1255 3992 orae
1279 3926 1400 3993 affixae

179 4039 267 4115 sunt,
280 4051 366 4099 anno
379 4029 525 4100 6081146
538 4032 571 4097 in
583 4031 772 4114 provinciae
784 4032 924 4099 formam
936 4032 1091 4098 redactae
1104 4036 1182 4098 sunt
1194 4032 1400 4115 (Mommsen,

179 4142 218 4208 R.
244 4140 286 4209 G.
310 4140 371 4220 11⁸,
394 4159 425 4221 p.
450 4139 504 4218 41,
528 4139 734 4222 Marquardt,
759 4137 807 4205 St.
832 4140 872 4206 V.
896 4137 938 4220 12,
963 4158 994 4220 p.
1019 4134 1181 4220 312t313;
1205 4139 1400 4223 Mommsen,

178 4249 219 4317 R.
236 4247 279 4316 G.
295 4247 352 4329 V³,
375 4266 406 4329 p.
423 4244 511 4329 280).

252 4407 274 4478 ι)
292 4405 328 4462 de
345 4405 374 4461 vi
392 4404 481 4460 vocis:
499 4401 580 4466 πίστις
599 4401 633 4459 ci.
651 4402 762 4474 Polybii
778 4402 868 4473 ipsius
887 4401 984 4459 verba:
1003 4401 1061 4471 XX,
1072 4402 1098 4471 9,
1112 4402 1152 4459 12.
1189 4402 1208 4470 ¹)
1226 4418 1253 4473 p.
1272 4408 1363 4466 tadu.
1374 4412 1399 4466 2.
