3174 4860
679 235 902 302 „55-

177 430 393 514 magistratus
416 430 612 514 rogationis
647 430 680 496 id
703 431 790 513 quod
812 430 903 512 prior
930 429 1036 497 editor
1057 429 1163 497 voluit
1193 429 1235 515 (b.
1260 430 1291 496 d.
1315 449 1343 495 c.
1367 429 1390 495 h

189 538 285 619 1880,
309 557 340 619 p.
365 535 461 621 606),
490 536 547 604 881
570 536 846 604 senatusconsulti
870 541 999 620 partem
1021 537 1115 602 nobis
1139 540 1307 604 servatam
1331 555 1404 603 esee

179 644 335 729 (Hermes
361 643 457 725 1890,
480 664 513 726 p.
538 641 710 728 6881619).

267 751 308 816 In
330 751 393 817 1188
415 755 512 833 parte
534 750 636 817 verba
658 750 742 816 fiunt
772 751 811 816 de
839 750 937 817 rebus
971 752 1053 817 bene
1081 751 1201 835 gestis,
1226 750 1342 819 deinde
1365 751 1405 818 de

178 857 259 923 locis
284 857 463 924 attributis.
496 856 609 940 Atque
624 857 819 938 Mommsen,
844 877 918 924 cum
936 858 1023 924 hanc
1037 857 1284 940 inscriptionem
1299 859 1405 925 denuo

179 967 342 1031 tractaret
369 965 524 1036 (Hermes
551 964 651 1045 1891,
680 984 712 1046 p.
738 963 802 1028 145
831 963 935 1049 squ),
970 983 1009 1031 8ο
1042 964 1282 1047 offendebatur,
1319 964 1406 1047 quod

179 1071 370 1138 autonomia
382 1071 528 1137 locorum
541 1071 641 1137 Tabis
658 1070 893 1137 attributorum
905 1071 987 1155 Ipsis
1003 1072 1281 1138 senatusconsulti
1297 1072 1405 1138 181118

179 1177 226 1263 (v.
253 1178 308 1264 10)
332 1178 593 1260 praedicaretur:
629 1179 692 1243 hoc
716 1178 801 1244 enirn
825 1178 957 1244 minime
986 1197 1058 1245 esse
1083 1199 1101 1246 e
1128 1198 1165 1245 re
1188 1179 1405 1246 Tabenorum.

178 1285 298 1367 Itaque
320 1285 374 1351 ille
397 1288 470 1351 tota
496 1285 710 1367 inscriptione
746 1285 786 1351 de
809 1286 963 1367 praemiIs
999 1287 1033 1352 in
1057 1286 1168 1352 Tabas
1196 1287 1324 1353 collatis
1353 1287 1408 1370 agi

187 1391 322 1474 nequire
345 1391 486 1474 putavit,
510 1393 567 1458 881
582 1392 699 1459 maluit
722 1393 762 1459 de
785 1393 949 1458 communi
964 1390 1087 1459 Garum
1112 1400 1227 1478 (κοινόν)
1252 1393 1409 1478 cogitare,

187 1498 241 1565 eui
264 1499 459 1566 aRomanis
474 1500 610 1566 libertas
627 1518 784 1565 concessa
799 1505 861 1566 est.
894 1498 989 1581 Quod
1012 1520 1211 1583 quamquam
1232 1521 1272 1567 ex
1296 1502 1408 1583 parvis

187 1606 257 1673 eius
287 1606 509 1689 inscriptionis
541 1607 735 1690 fragmentis
770 1611 859 1673 certe
894 1607 1000 1673 evinci
1034 1607 1162 1690 nequit,
1197 1612 1309 1674 tamen
1343 1626 1407 1674 non

185 1713 408 1796 improbabilis
433 1720 484 1782 est
506 1717 702 1783 Mommseni
723 1717 899 1784 sententia.

346 1859 399 1925 30.
434 1859 592 1926 Termera

276 1975 399 2043 ‘libera’
423 1973 523 2060 (Plin.
547 1995 579 2042 n.
603 1976 635 2042 h.
658 1975 701 2057 V,
727 1975 815 2062 107).

345 2118 398 2184 31.
434 2118 511 2186 088.

275 2232 431 2301 Claudius
446 2235 627 2316 imperator
642 2253 663 2300 a
678 2240 797 2301 senatu
813 2233 891 2301 Cois
906 2237 1037 2319 plenam
1051 2236 1292 2303 immunitatem
1308 2237 1409 2320 impc-

185 2341 288 2408 travit
311 2341 404 2427 (Tac.
421 2360 496 2407 ann.
512 2341 592 2422 XII,
609 2340 678 2426 61),
702 2360 800 2424 quam
817 2347 917 2408 antea
932 2361 998 2408 non
1013 2344 1199 2409 habuerunt
1214 2343 1296 2429 (Str.
1312 2345 1406 2426 XIV,

185 2449 221 2530 2,
255 2469 287 2531 p.
311 2448 393 2514 657:
440 2460 488 2517 τοῦ
510 2454 732 2536 προσταχθέντος
757 2456 865 2536 φόρου).
911 2451 1031 2532 Itaque
1064 2450 1140 2516 inde
1175 2451 1217 2517 ab
1252 2470 1338 2518 anno
1367 2450 1410 2515 53

181 2555 274 2642 (Tac.
298 2558 318 2622 l.
342 2556 379 2640 1.)
404 2555 470 2623 Oos
493 2557 580 2623 inter
603 2557 756 2623 civitates
778 2557 899 2624 liberas
929 2561 964 2625 et
987 2557 1148 2625 immunes
1171 2565 1335 2626 versatur.

268 2665 320 2729 De
343 2662 496 2747 Augusto
521 2669 638 2730 contra
655 2663 759 2746 ipsius
783 2663 925 2730 edictum
951 2662 1029 2732 Ocis
1051 2665 1102 2731 ius
1126 2664 1215 2732 exilii
1237 2666 1402 2731 tribuente

182 2770 239 2856 (D.
265 2769 359 2838 Cass.
384 2768 438 2852 56,
462 2770 615 2854 801118
638 2791 669 2853 p.
696 2771 714 2834 l
740 2771 866 2836 818111
902 2771 933 2840 1,

344 2914 396 2980 32.
433 2913 568 2980 Cnidus,

199 3107 201 3112 ¹
276 3029 375 3096 Anno
401 3028 524 3098 106148
549 3049 570 3096 8
594 3028 632 3096 Ο.
657 3028 803 3097 Caesare
825 3031 931 3098 libera
954 3049 1027 3097 esse
1049 3032 1142 3098 Iussa
1158 3028 1282 3098 Onidus
1307 3031 1411 3118 (Plut.

188 3135 283 3203 Caes.
308 3136 366 3223 48)
390 3137 577 3204 libertatem
604 3136 939 3223 retinuitAugusti1)
968 3138 1170 3219 temporibus
1195 3137 1295 3224 (Plin.
1320 3158 1351 3204 n.
1377 3140 1409 3205 h.

187 3244 230 3327 V,
257 3244 346 3331 104).

352 3389 406 3455 33.
441 3389 651 3473 Astypalaea

277 3505 429 3571 ‘Liberae
458 3506 613 3573 civitatis'
639 3505 738 3592 (Plin.
767 3525 798 3572 n.
827 3507 858 3572 h.
888 3507 956 3586 IV,
993 3505 1060 3592 71).
1119 3504 1280 3573 Sederat
1315 3506 1415 3574 etiam

189 3613 373 3694 foederata;
409 3617 509 3695 atque
544 3613 640 3679 huius
673 3613 813 3679 foederis
841 3613 1029 3696 fragmenta
1052 3616 1183 3694 extant,
1219 3632 1303 3695 quae
1329 3632 1416 3680 nunc

189 3720 303 3786 videas
319 3720 407 3802 apud
423 3720 632 3785 Viereckium
653 3719 692 3804 (s.
715 3738 746 3803 g.
770 3740 801 3801 p.
825 3719 879 3800 42,
904 3739 935 3784 n.
960 3717 1032 3804 21);
1057 3726 1186 3801 partem
1209 3720 1417 3787 emendatam

191 3827 295 3892 denuo
320 3828 421 3894 edidit
445 3825 616 3893 Oichorius
641 3825 719 3912 (Rh.
742 3827 828 3892 Mus.
854 3826 955 3907 1889,
983 3847 1014 3908 p.
1039 3826 1130 3910 446).
1176 3828 1342 3894 Factum
1366 3832 1418 3894 est

190 3934 304 4000 foedus
328 3954 414 4001 anno
438 3929 601 4015 6491105;
620 3953 731 4015 ¹neque
755 3933 840 3999 enim
862 3933 1034 4005 11818111
1057 3941 1294 4016 8881888081,
1318 3954 1418 4016 saepe

191 4039 225 4105 in
240 4041 424 4108 foederibus
440 4040 567 4122 usitati,
591 4045 656 4106 est:
681 4040 832 4106 ‘foederis
848 4040 1022 4121 renovati,
1046 4041 1104 4108 sed
1127 4042 1307 4108 ‘societatis
1331 4041 1417 4106 foe-

193 4146 282 4214 dere
305 4148 412 4217 18818
436 4146 627 4213 renovatae'
652 4146 698 4232 (p.
722 4145 792 4232 40).

265 4415 286 4484 ¹)
304 4431 332 4486 p.
350 4416 368 4469 4
386 4413 450 4469 adn.
471 4416 497 4469 8.
