3174 4860
205 645 206 648 ’
237 649 429 716 Hartmann
463 650 497 716 in
532 669 572 717 ea
606 641 852 731 dissertatione,
888 669 985 733 quam
1015 649 1205 734 deexili01)
1229 650 1371 732 scripsit,

152 752 241 823 recte
268 756 424 822 dissentit
452 757 491 823 de
514 757 584 823 iure
608 757 711 839 exilii,
747 777 810 840 quo
835 776 947 824 omnes
971 757 1124 823 civitates
1147 757 1267 823 liberas
1291 775 1370 824 usas

153 882 225 930 esse
240 867 382 930 constat.
418 864 532 946 Atque
548 884 588 930 ex
605 864 674 930 eius
689 864 890 931 tractatione
905 863 1085 947 repetenda
1099 863 1263 946 videntur,
1287 875 1371 946 quae

152 970 194 1037 ad
228 971 485 1053 componendum
513 971 696 1038 civitatium
723 971 900 1038 liberarum
929 972 1117 1054 catalogum
1141 971 1278 1038 alicuius
1301 991 1370 1037 mo·

151 1079 253 1145 menti
276 1082 363 1146 sunt.

239 1186 293 1252 Ac
326 1187 466 1269 primum
496 1186 625 1269 quidem
653 1187 740 1269 apud
763 1189 931 1254 Romanos
958 1188 1004 1268 is,
1039 1187 1094 1269 qui
1128 1187 1372 1253 damnationem

152 1287 269 1375 capitis
293 1294 483 1360 antevenire
506 1294 671 1377 studebat,
695 1313 757 1360 sua
780 1298 897 1377 sponte
921 1296 1026 1361 solum
1048 1294 1191 1361 mutavit
1214 1298 1315 1375 atque
1337 1293 1372 1359 in

152 1400 320 1467 civitatem
353 1400 524 1484 migravit,
560 1402 612 1468 cui
647 1401 848 1468 aRomanis
875 1401 1006 1468 loedere
1034 1419 1096 1468 sua
1117 1401 1192 1467 iura
1215 1419 1373 1466 concessa

152 1512 248 1574 erant
271 1507 354 1593 (Pol.
379 1509 480 1590 6,14,
500 1509 601 1590 1-8;
625 1510 825 1591 Hartmann,
848 1510 869 1575 l.
892 1510 913 1575 l.
930 1529 962 1592 p.
982 1508 1023 1593 1).
1047 1510 1174 1590 ‚Neque
1197 1512 1308 1574 tamen
1323 1507 1372 1574 ita

151 1617 253 1681 multo
282 1618 359 1698 post
382 1633 503 1682 annum
526 1611 688 1697 605l149,
724 1634 787 1697 quc
811 1615 937 1697 primae
960 1616 1170 1697 quaestiones
1192 1617 1372 1697 perpetuae

152 1723 285 1790 habitae
309 1726 443 1789 sunt-
459 1725 550 1788 recte
567 1722 652 1788 enim
667 1721 798 1789 videtur
812 1723 1002 1789 Hartmann
1021 1723 1053 1808 (1.
1070 1722 1091 1787 l.
1107 1742 1139 1805 p.
1157 1720 1226 1807 213)
1243 1725 1372 1804 tempus

153 1830 338 1898 definivisse
361 1866 404 1876 -
429 1830 560 1895 exilium
583 1829 632 1895 ita
655 1833 819 1896 mutatum
843 1834 905 1911 est,
928 1834 966 1896 ut
987 1830 1095 1911 ipsum
1117 1847 1244 1912 poenae
1266 1830 1372 1895 locum

153 1938 324 2004 obtineret.
360 1937 475 2018 Neque
499 1937 585 2002 enim
609 1936 683 2002 exul
707 1935 950 2003 damnationem
971 1937 1088 2018 capitis
1105 1936 1292 2019 effugiebat,
1316 1936 1373 2002 sed

153 2046 261 2110 Roma
295 2043 462 2110 discedere
489 2042 631 2109 iudicum
660 2043 824 2108 sententia
847 2047 982 2110 coactus
1007 2043 1094 2109 exilii
1115 2061 1256 2125 poenam
1276 2042 1376 2109 subiit

153 2153 365 2237 (Hartmann,
388 2151 409 2216 l.
430 2152 451 2216 l.
469 2171 500 2232 p.
518 2150 561 2235 3).
596 2149 709 2231 Atque
732 2150 794 2215 hoc
818 2168 946 2231 quoque
969 2155 1116 2232 tempore
1139 2150 1260 2217 liberae
1284 2151 1374 2216 solae

153 2260 306 2326 civitates
330 2258 477 2324 exulibus
493 2257 677 2340 perfugium
693 2257 897 2339 praebebant
912 2258 1123 2342 (Hartmann,
1147 2258 1167 2324 l.
1185 2258 1205 2324 l.
1222 2278 1253 2341 p.
1271 2256 1373 2339 5-73

154 2367 198 2452 9).
237 2365 302 2433 Sed
315 2366 357 2432 ab
372 2365 526 2448 Augusto
543 2383 628 2431 anno
648 2364 688 2428 12
704 2384 735 2447 p.
750 2362 827 2430 Ohr.
844 2365 895 2430 ius
912 2365 1000 2430 exilii
1014 2365 1062 2431 ita
1081 2369 1244 2431 mutatum
1261 2368 1322 2447 est,
1338 2369 1376 2430 ut

112 2463 117 2470 ’
153 2475 223 2556 ipse
240 2477 332 2539 certa
347 2474 421 2538 loca
435 2472 684 2555 praescriberet,
709 2472 824 2553 quibus
844 2471 959 2537 liceret
975 2472 1121 2538 exulibus
1137 2472 1241 2540 vitam
1257 2472 1375 2556 degere

155 2582 208 2665 (D.
239 2578 417 2661 011156,
446 2579 504 2660 27,
537 2579 639 2660 2-33
673 2579 878 2660 Hartmann,
912 2579 933 2646 l.
963 2580 984 2646 l.
1007 2600 1039 2662 p.
1064 2579 1130 2663 24).
1178 2578 1251 2661 Quo
1286 2579 1374 2645 facto

153 2687 337 2771 Augustus,
362 2706 434 2753 cum
459 2691 568 2753 certas
590 2686 716 2752 insulas
740 2685 886 2769 eligeret,
909 2686 983 2752 iura
999 2686 1182 2752 civitatium
1197 2687 1374 2752 liberarum

154 2815 218 2861 11011
241 2792 433 2879 respexitff)
457 2812 534 2859 nam
557 2793 727 2875 permultis
744 2792 934 2859 civitatibus
950 2793 1071 2875 liberis,
1096 2812 1180 2875 quae
1195 2814 1260 2860 non
1276 2794 1310 2860 in
1325 2794 1373 2859 in·

155 2903 233 2969 sulis
257 2903 341 2968 sitae
365 2905 470 2982 erant,
494 2900 545 2966 ius
569 2900 657 2966 exilii
680 2899 812 2981 ademit,
836 2900 920 2983 aliis,
945 2918 1029 2982 quae
1050 2919 1115 2966 non
1131 2905 1227 2967 erant
1241 2901 1375 2983 liberae,

156 3009 275 3077 Cretae
299 3029 326 3076 6.
351 3028 393 3092 g,
417 3008 516 3075 dedit.
551 3008 670 3089 Itaque
694 3008 736 3073 ab
760 3026 845 3073 anno
864 3007 905 3070 12
920 3026 1056 3090 prorsus
1072 3026 1138 3073 11011
1153 3008 1232 3074 licet
1247 3027 1287 3074 cx
1302 3008 1373 3074 iure

154 3117 242 3184 exilii
265 3116 388 3198 aliquid
412 3115 561 3181 concludi
584 3114 623 3181 de
646 3114 801 3180 libertate
825 3114 981 3181 civitatis.
1084 3133 1085 3136 ¹

240 3223 508 3304 Proscriptomm
525 3222 748 3287 condicionem
764 3221 901 3288 eandem
917 3240 990 3288 esse
1007 3228 1106 3304 atque
1123 3221 1254 3288 exilium
1270 3224 1374 3288 Hart-

154 3351 254 3400 mann
283 3332 315 3416 (l.
339 3332 360 3397 l.
384 3350 416 3412 p.
443 3329 496 3414 10)
520 3328 604 3395 dixit
624 3328 778 3410 ideoque,
807 3347 1000 3411 quoeunque
1022 3330 1198 3412 proscripti
1222 3330 1375 3413 coniuge·

153 3441 230 3521 rint,
254 3457 311 3505 eas
336 3437 489 3503 civitates
513 3436 633 3502 liberas
656 3436 821 3517 putandas
846 3455 928 3503 esse.
964 3437 1080 3518 Neque
1095 3442 1207 3503 tamen
1223 3438 1306 3504 haec
1321 3455 1375 3503 res

152 3547 232 3613 mihi
259 3546 432 3629 probatur3
467 3562 544 3609 nam
568 3543 635 3609 alia
658 3548 710 3609 est
733 3545 878 3625 exulum,
907 3543 974 3609 alia
996 3545 1254 3627 proscriptorum
1278 3545 1401 3641 ratic.⁸

152 3656 222 3722 lllis
250 3653 336 3720 enim
360 3651 492 3717 exilium
514 3669 580 3716 non
602 3670 729 3734 poenae
752 3652 841 3734 fuga,
866 3651 923 3718 sed
946 3670 1053 3734 poena
1077 3655 1129 3717 est
1162 3652 1374 3737 (Hartmann,

152 3763 173 3829 l.
186 3763 206 3829 l.
219 3782 251 3845 p.
267 3760 311 3846 3),
326 3759 378 3824 his
395 3776 557 3824 summum
573 3758 767 3841 supplicium
783 3758 965 3841 iniungitur
977 3758 1182 3843 (Mommsen,
1200 3757 1248 3825 St.
1261 3759 1301 3825 R.
1314 3757 1375 3840 11³,

155 3907 365 3916 ....-.—-.----—-

228 3975 249 4046 1)
267 3973 313 4030 ‘de
332 3973 415 4029 exilio
434 3971 509 4043 apud
526 3971 667 4028 Romanus
688 3970 755 4028 inde
778 3971 813 4027 ab
836 3971 917 4028 initio
936 3971 1073 4029 bellorum
1092 3970 1215 4027 civilium
1233 3987 1322 4044 usqne
1341 3971 1377 4028 ad

157 4063 252 4122 Severi
270 4062 426 4120 Alexandri
443 4061 640 4134 principatum'
659 4060 738 4130 (diss.
756 4061 850 4132 inaug.
869 4061 982 4132 Β1101.).

225 4154 246 4225 ²)
266 4169 359 4223 causa,
378 4168 428 4209 eur
445 4153 561 4223 insuper
580 4149 649 4222 Ges,
672 4150 798 4222 Rhodus,
816 4151 933 4222 Lesbos,
953 4151 1052 4210 Samus
1072 4181 1104 4192 -
1124 4151 1166 4207 ita
1183 4153 1268 4221 recte,
1287 4153 1319 4207 ut
1336 4151 1376 4207 vi·

155 4242 245 4314 detur,
263 4241 427 4299 Boissevain
445 4243 637 4312 (mnemosyne
652 4242 729 4310 1885,
747 4257 776 4312 p.
788 4243 864 4312 329),
882 4243 948 4312 post
966 4256 1029 4297 eum
1041 4240 1198 4297 Hartmann
1214 4239 1246 4310 (l.
1259 4240 1277 4296 l.
1290 4257 1317 4312 p.
1332 4242 1377 4311 25)

156 4332 274 4389 coniecit
291 4359 327 4373 -
345 4332 406 4387 inre
425 4330 502 4387 exilii
521 4329 700 4400 donarentur,
718 4329 838 4388 fortasse
856 4329 917 4401 furit,
937 4329 1011 4402 quod
1030 4345 1126 4387 earum
1144 4329 1268 4386 libertati
1280 4329 1376 4401 Augu·

156 4423 215 4479 stus
234 4421 366 4488 lauabat,
380 4419 414 4477 ci.
433 4419 599 4490 1111111111,
619 4419 636 4474 l.
656 4419 674 4477 l.
694 4436 719 4490 p.
739 4421 783 4490 at,
802 4436 827 4476 a.
848 4425 871 4475 1.
