3174 4860
410 717 678 810 Sententiae
711 721 1054 811 controversae.

678 967 783 979 h

123 1204 151 1267 1.
187 1202 225 1266 In
260 1201 442 1267 Marcellini
476 1203 546 1267 vita
580 1201 778 1286 Thucydidis
814 1202 897 1286 (cap.
934 1198 1047 1285 29130)
1083 1220 1136 1283 ea,
1176 1220 1260 1283 quae
1299 1221 1339 1266 ex

185 1326 396 1408 Praxiphane
420 1327 611 1406 afferuntur,
635 1345 700 1391 non
724 1327 766 1392 ad
790 1327 1026 1411 Thucydidem,
1052 1325 1144 1391 Olori
1167 1327 1277 1406 filium,
1302 1331 1339 1392 ut

184 1451 436 1516 Wiiamowitzio
472 1452 625 1535 (Hermes
664 1451 714 1531 12,
750 1471 781 1532 p.
815 1451 879 1515 353
915 1453 998 1534 sqq.)
1034 1452 1171 1533 placuit,
1207 1452 1265 1517 sed
1296 1451 1338 1517 ad

184 1575 406 1657 Thucydidem
441 1580 572 1657 poetam
603 1580 768 1657 spectant,
804 1577 859 1656 qui
894 1581 1031 1657 quartus
1066 1577 1128 1641 hoo
1164 1576 1236 1656 ipso
1267 1577 1348 1663 loco

184 1701 380 1766 nominatur.

119 1843 148 1907 2.
184 1843 236 1909 Ea
270 1844 385 1922 verba,
420 1862 505 1926 quae
532 1843 731 1909 Aristoteles
768 1843 819 1928 (de
848 1863 915 1925 rep.
944 1843 1066 1910 Athen.
1100 1843 1152 1926 13)
1188 1843 1268 1947 iacit
1302 1844 1342 1909 de

186 1970 380 2033 archontum
404 1972 585 2050 potestate,
622 1968 664 2034 ad
700 1987 772 2034 eam
800 1969 1035 2035 dissensionem
1059 1968 1231 2034 referenda
1254 1972 1341 2048 sunt,

186 2113 270 2176 quae
287 2099 338 2160 est
352 2095 439 2160 inter
454 2094 660 2160 Herodotum
677 2093 729 2178 (V,
748 2094 799 2171 71,
817 2093 852 2176 3)
869 2099 903 2158 et
919 2093 1142 2175 Thucydidem
1159 2093 1197 2177 (Ι,
1217 2092 1290 2172 126,
1308 2092 1340 2174 8)

187 2220 227 2285 de
251 2220 365 2286 eadem
388 2239 434 2285 re.

120 2364 149 2428 3.
185 2364 331 2429 Primam
367 2361 583 2428 secessionem
612 2362 714 2443 plebis
744 2361 842 2445 (anno
866 2360 1024 2445 2601494)
1048 2381 1113 2426 non
1140 2361 1173 2427 in
1200 2381 1339 2442 sacrum,

187 2487 300 2553 sedin
323 2488 525 2554 Aventinum
553 2492 696 2552 montem
724 2487 848 2552 factam
876 2505 948 2552 esse
972 2491 1120 2552 veterum
1144 2488 1340 2569 scriptorum

187 2612 351 2677 sententia
374 2613 461 2679 haud
484 2611 707 2693 improbabilis
733 2615 792 2676 est.

119 2756 149 2818 4.
185 2755 268 2818 Hor.
293 2773 392 2820 carm.
416 2756 461 2837 H,
486 2757 516 2835 6,
543 2757 560 2819 7
586 2756 733 2821 codicum
756 2755 867 2822 lectio:
904 2757 959 2820 ‘sit
986 2756 1101 2821 modus
1125 2757 1214 2822 lasso
1239 2758 1339 2823 maris

186 2883 219 2944 et
234 2879 371 2944 viarum'
385 2881 548 2946 servanda
565 2886 625 2962 est,
643 2881 874 2962 Peerlkampii,
888 2901 983 2963 quem
996 2881 1165 2965 Kiesshng
1181 2882 1337 2964 sequitur,

186 3004 384 3084 coniectura,
402 3006 587 3072 scribentis:
614 2984 749 3072 ‘domus
767 3025 840 3089 pro:
865 3007 1012 3088 ‘modus',
1036 3026 1152 3090 paium
1169 3009 1336 3090 probatm.

118 3146 148 3210 5.
185 3147 427 3260 Diocaesareae
450 3149 573 3213 nummi
596 3149 715 3232 (Head,
739 3151 770 3215 h.
795 3169 826 3215 n,
851 3168 926 3232 pag.
944 3150 1020 3232 677)
1044 3151 1140 3215 lectio
1165 3151 1247 3215 haec
1271 3154 1335 3217 est:

186 3268 341 3347 Π(ιστῆς)
361 3269 473 3347 Φ(ίλης)
495 3270 687 3351 (Χυμμάχου).
