3174 4860
683 236 904 302 ,63-

185 432 386 499 contrariam
409 450 478 498 rem
501 436 626 498 narrat.
672 430 748 496 Hoc
770 430 895 512 foedus,
920 447 942 495 a
964 430 1080 496 Tacito
1108 431 1294 513 laudatum,
1322 431 1408 498 inter

182 541 350 606 Romanos
375 542 408 604 et
423 538 629 622 Byzantinos
652 537 742 603 circa
765 531 890 603 annum
906 534 1054 604 5541200
1078 537 1202 604 factum
1226 543 1278 606 est
1299 539 1405 607 hostis

181 645 395 729 propulsandi
410 663 526 727 causa,
543 645 656 727 itaque
672 645 713 710 ob
729 645 815 710 hanc
830 664 900 709 rem
915 644 1095 727 Byzantini
1110 663 1176 711 non
1191 650 1404 712 recensentur

180 753 268 820 inter
289 753 428 835 populos
450 751 638 817 foederatos
662 750 705 835 (p.
729 749 774 834 5).

271 857 386 941 Qualis
419 858 519 924 suerit
551 875 679 940 poena,
718 876 817 939 quam
851 857 1030 942 Byzantini
1065 858 1236 925 subierunt
1269 863 1404 941 propter

180 966 337 1034 auxilinm
359 964 524 1032 Andrisco
557 965 693 1031 missum
718 964 827 1050 (Diod.
851 965 873 1030 l.
897 963 948 1049 1.),
982 984 1048 1031 non
1070 965 1227 1049 traditur;
1262 966 1405 1034 sortasse

180 1079 250 1140 tum
288 1073 442 1139 libertate
484 1071 606 1156 privati
648 1071 862 1139 Macedoniae
909 1072 1097 1155 prouinciae
1153 1073 1273 1141 6616611
1317 1079 1405 1144 sunt.

180 1182 275 1247 Haec
299 1179 384 1246 enim
407 1183 486 1245 sunt
502 1178 670 1247 Ciceronis
693 1179 796 1246 verba
812 1179 864 1264 (de
879 1199 972 1261 prov.
989 1199 1079 1247 cons.
1097 1179 1144 1265 7);
1169 1180 1403 1265 ⁴(Byzantium)

180 1287 297 1354 civitas
320 1287 425 1353 libera
448 1289 482 1353 et
503 1305 563 1369 pro
581 1286 707 1352 eximiis
731 1285 800 1352 suis
815 1287 981 1353 beneficiis
1005 1291 1161 1355 asenatu
1184 1292 1219 1354 et
1240 1307 1261 1354 a
1283 1289 1403 1371 populo

179 1396 329 1462 Romano
352 1393 541 1461 liberata'.
587 1392 700 1476 Atque
729 1412 928 1476 quamquam
955 1394 1006 1461 ita
1028 1395 1243 1462 concludatur
1269 1413 1404 1462 necesse

178 1521 243 1568 non
260 1504 322 1583 est,
338 1505 449 1568 tamen
466 1521 506 1567 ex
521 1519 617 1568 voce:
642 1501 804 1568 ‘liberata’
821 1501 930 1585 colligi
944 1502 1034 1585 licet,
1048 1503 1150 1570 fuisse
1166 1507 1308 1587 tempus,
1328 1522 1402 1569 cum
1474 1578 1476 1582 4

177 1609 379 1694 Byzantium
400 1608 555 1677 libertate
577 1628 643 1676 non
668 1612 825 1676 uteretur.

265 1716 362 1782 Haec
396 1715 562 1782 sententia
589 1717 802 1784 confirmatur
836 1717 901 1783 alio
932 1716 1100 1786 Ciceronis
1128 1719 1200 1785 loco
1225 1717 1268 1801 (V
1270 1737 1337 1788 err.
1355 1717 1402 1800 Π,

178 1824 209 1904 2,
227 1821 293 1908 76),
317 1839 381 1905 quo
397 1822 452 1889 ille
466 1823 622 1907 Byzantii
637 1824 797 1891 liberandi
814 1829 983 1908 tamquam
999 1824 1048 1891 rei
1063 1828 1133 1892 tum
1149 1825 1305 1892 instantis
1328 1843 1403 1892 nec·

177 1930 254 1997 dum
277 1934 434 2014 peractae
457 1931 656 1999 mentionem
673 1931 763 1998 facit.
794 1932 890 1998 Haec
906 1931 992 1998 enim
1007 1936 1085 1999 sunt
1101 1931 1271 2000 Ciceronis
1285 1933 1403 2000 rerba:

179 2037 358 2118 ‘Retinete,
395 2037 535 2105 retinete
558 2038 722 2105 hominem
747 2038 828 2124 (scil.
852 2039 1002 2124 Verrem)
1025 2040 1059 2106 in
1083 2039 1234 2121 civitate,
1268 2039 1403 2121 iudices,

179 2145 305 2228 parcite
329 2147 362 2211 et
386 2149 596 2226 conservate,
618 2149 657 2212 ut
679 2145 734 2227 sit,
769 2145 826 2227 qui
848 2145 1017 2213 vobiscum
1044 2165 1098 2213 res
1120 2146 1259 2229 iudicet,
1292 2146 1349 2228 qui
1369 2147 1404 2216 in

181 2255 299 2319 senatu
311 2252 382 2321 sine
392 2252 462 2318 ulla
477 2253 658 2336 cupiditate
673 2252 714 2319 de
729 2253 812 2321 bello
830 2258 864 2321 et
879 2271 961 2336 pace
977 2253 1176 2322 sententiam
1193 2255 1289 2321 ferat.
1306 2291 1349 2300 -
1362 2291 1406 2301 -

180 2359 302 2427 Verum
314 2359 428 2426 veniat
439 2377 530 2441 sane,
544 2360 701 2426 decernat
711 2360 831 2426 bellum
845 2358 1068 2444 Cretensibus,
1080 2361 1198 2432 liberet
1208 2361 1403 2448 Byzantios,

179 2484 290 2549 regem
326 2467 470 2549 appellet
491 2465 744 2533 Ptolomaeum'.
790 2467 951 2552 Reliquae
973 2487 1043 2550 res,
1078 2487 1161 2551 quas
1189 2469 1286 2536 simul
1309 2469 1407 2539 Verri

179 2573 401 2641 decernendas
424 2573 579 2656 proponit
595 2571 722 2654 Cicero,
746 2578 816 2639 tum
832 2574 976 2640 nondum
991 2575 1158 2658 perfectae
1182 2579 1287 2642 erant.
1319 2576 1407 2643 Nam

179 2678 393 2747 Ptolomaeus
417 2699 487 2762 ren,
511 2698 711 2763 quamquam
733 2681 800 2747 iam
823 2681 879 2748 diu
902 2682 942 2748 do
958 2701 997 2748 eo
1014 2683 1177 2767 agebatur
1200 2682 1406 2769 (Mommsen,

180 2788 220 2854 B.
246 2787 288 2855 C.
312 2787 391 2870 111³,
415 2809 446 2871 p.
474 2787 561 2872 162),
584 2807 650 2854 non
674 2791 751 2855 ante
775 2808 896 2855 annum
918 2786 1042 2856 695159
1065 2809 1125 2857 ren
1148 2791 1333 2873 appellatus
1357 2793 1409 2856 est

182 2894 389 2979 (Mommsen,
413 2896 434 2962 l.
457 2897 479 2963 l.
503 2917 535 2978 p.
561 2896 652 2980 163);
681 2897 722 2964 de
746 2896 867 2964 Cretae
890 2898 988 2964 rebus
1016 2897 1088 2981 ipso
1112 2916 1199 2964 anno
1222 2896 1347 2964 684170
1374 2898 1408 2964 in

183 3007 301 3069 senatu
325 3007 435 3069 actmn
459 3006 511 3069 est
534 3003 739 3088 (Mommsen,
762 3005 783 3070 1.
807 3005 829 3070 1.
853 3025 885 3087 p.
910 3003 976 3088 80).

273 3107 367 3190 Quod
392 3111 420 3176 si
443 3115 533 3177 recte
556 3111 749 3193 statuimus,
785 3111 852 3178 iam
886 3099 952 3178 non
985 3113 1090 3178 libera
1123 3111 1187 3178 fuit
1208 3110 1408 3197 Byzantium

185 3235 270 3284 anno
287 3217 426 3301 684170;
450 3218 563 3300 itaque
579 3218 668 3284 intra
683 3238 787 3285 annos
804 3216 928 3286 684170
952 3222 986 3286 et
1006 3215 1130 3286 698156
1155 3216 1237 3304 (Cic.
1260 3218 1301 3285 de
1315 3237 1409 3302 prou.

184 3342 273 3391 oons.
299 3325 330 3408 7)
353 3325 540 3393 libertatem
564 3327 782 3408 recuperavit.

272 3432 455 3499 Libertatis
480 3432 575 3500 testis
600 3437 653 3500 est
673 3432 801 3499 Plinius
826 3434 869 3518 (n.
894 3434 925 3499 h.
950 3434 1009 3515 IV,
1033 3434 1104 3516 46);
1133 3433 1286 3500 libertate
1310 3450 1411 3499 eosa

185 3539 391 3622 Vespasiano
415 3540 574 3622 spoliatos
604 3559 677 3606 esse
705 3540 808 3606 tradit
831 3539 1007 3607 Suetonius
1030 3540 1145 3626 (Vesp.
1170 3539 1217 3625 8);
1246 3539 1287 3606 de
1313 3538 1410 3606 huius

185 3645 248 3711 loci
272 3646 371 3713 dubia
393 3647 457 3712 fide
480 3647 545 3713 iam
569 3665 671 3729 supra
693 3647 797 3714 verba
818 3647 883 3714 seoi
906 3648 949 3732 (p.
973 3646 1129 3732 59-61).

275 3753 341 3818 Dio
366 3751 623 3837 Chrysostomus
648 3755 707 3839 (or.
732 3755 785 3837 31,
809 3775 841 3837 p.
859 3752 1004 3821 6211622
1021 3753 1074 3838 R.)
1098 3754 1303 3838 Byzantinos
1325 3754 1412 3821 inter

186 3860 305 3928 liberos
328 3861 465 3943 populos
482 3865 645 3944 recenset,
669 3862 751 3928 nihil
767 3861 849 3928 certi
872 3862 957 3928 effici
979 3862 1057 3929 licet
1084 3881 1124 3928 ex
1146 3861 1246 3928 Plinii
1263 3860 1412 3945 epistulis

189 3966 244 4051 (ad
267 3968 355 4034 Trai.
381 3968 435 4049 43,
458 3969 502 4031 44
527 3967 594 4053 [52,
618 3967 690 4054 53];
717 3970 769 4050 77,
794 3968 835 4033 78
861 3968 928 4054 [81,
952 3969 1032 4055 82]).

277 4073 453 4157 Septimius
478 4074 630 4157 Severus,
654 4095 727 4141 oum
750 4076 970 4159 principatum
986 4077 1178 4160 susciperet,
1202 4077 1355 4144 libertate
1379 4080 1414 4144 et

188 4181 258 4248 iure
283 4181 427 4248 civitatis
451 4182 596 4265 privavit
618 4182 818 4266 Byzantium
842 4183 898 4266 (D.
924 4182 1019 4250 Cass.
1046 4185 1098 4266 74,
1125 4186 1180 4266 14;
1203 4181 1327 4250 Herod.
1348 4183 1413 4265 HI,

190 4288 222 4370 6,
245 4288 294 4372 9);
329 4290 490 4374 Hesychii
511 4289 631 4357 Milesii
653 4290 756 4357 verba
779 4289 900 4372 (BHG.
928 4291 988 4374 IV,
1011 4312 1043 4374 p.
1070 4289 1146 4376 153)
1169 4310 1235 4357 non
1258 4289 1341 4358 satis
1365 4289 1412 4357 di·

192 4396 302 4464 lucida
322 4396 410 4465 idem
433 4397 620 4484 significare
641 4397 804 4467 videntur.
