3174 4860
681 239 901 306 ..fig-

182 436 339 502 hocloco
368 434 440 501 de
431 435 550 516 rpsinS,
585 434 642 501 sed
671 437 768 517 paulo
797 435 906 518 priore
935 437 1047 501 aetate
1074 433 1228 516 loquitur
1276 433 1343 502 Sed
1366 456 1409 502 ne

182 543 386 607 Mommseno
414 541 543 624 quidem
568 540 602 627 (l.
630 543 651 608 l.
675 562 707 624 p
736 542 810 623 772,
835 561 865 608 a.
894 539 929 627 3)
953 541 1131 623 assentior,
1159 541 1215 623 qui
1243 561 1284 608 ex
1313 541 1411 609 Cluvi

183 666 286 715 causa
309 647 393 733 (Cic.
418 647 461 714 ad
483 648 561 714 fam.
584 648 682 729 ΧΠΙ,
706 647 760 729 56,
785 646 820 732 3)
844 647 1101 714 concludendum
1125 653 1237 715 censet
1261 647 1409 718 Caunios

183 774 204 822 a
237 756 461 821 Romanorum
495 755 746 839 magstratibus
786 755 837 820 ius
879 755 1055 837 accepisse.
1113 756 1200 821 Nam
1235 754 1353 822 Cicero
1387 774 1409 822 a

183 862 335 944 Therme,
359 863 415 945 qui
434 882 494 945 pro
514 865 668 944 praetore
689 860 793 927 Asiae
813 867 957 944 praeest,
981 862 1075 943 petit,
1097 866 1136 927 ut
1150 861 1307 944 inquirat,
1330 881 1409 929 num

183 988 264 1036 vera
287 969 354 1035 siut
374 967 576 1035 Cauniorum
598 987 759 1050 responsa
782 969 822 1035 dc
844 968 990 1051 pecuniis
1014 968 1186 1050 depositis;
1211 987 1289 1035 uam
1310 974 1345 1036 ct
1367 990 1409 1036 ex

182 1076 288 1143 edicto
312 1080 346 1142 et
368 1095 409 1141 ex
432 1076 563 1142 decreto
580 1095 636 1142 eos
652 1076 824 1158 pecuniam
840 1075 1023 1158 depositam
1046 1075 1168 1141 babere
1190 1075 1299 1142 iussos
1324 1095 1408 1144 esse.

181 1184 234 1249 Do
256 1182 320 1248 hac
342 1183 444 1267 igitur
467 1201 570 1249 causa
591 1183 658 1249 iarn
682 1203 723 1249 ex
746 1183 852 1249 edicto
881 1187 916 1248 et
939 1203 979 1249 ex
1003 1183 1149 1264 decreto,
1184 1183 1206 1248 i.
1231 1202 1259 1249 e.
1284 1201 1306 1249 a
1332 1204 1408 1266 pro·

181 1295 346 1373 praetore,
370 1291 514 1356 fortasse
538 1290 639 1356 etiam
664 1308 685 1356 a
708 1293 827 1356 senatu
849 1290 1000 1355 Romano
1023 1289 1203 1356 iudicatum
1226 1295 1288 1356 est.
1327 1292 1410 1358 Inde

181 1398 365 1463 Mommsen
388 1395 452 1483 (St.
476 1397 517 1462 R.
541 1396 610 1478 HI,
635 1395 709 1478 772,
734 1415 765 1462 a.
790 1395 823 1480 3)
851 1397 1010 1462 conclusit
1035 1395 1180 1462 Caunios
1204 1415 1226 1463 a
1248 1397 1410 1465 Romanis

181 1503 433 1587 magistratibus
455 1503 507 1569 ius
531 1504 682 1586 accipere
704 1503 820 1568 solitos
844 1521 927 1569 esse.
975 1502 1039 1569 Sed
1063 1522 1234 1585 quaequae
1257 1509 1311 1570 est
1335 1524 1412 1571 con-

176 1609 260 1694 picio
273 1611 346 1677 eius
363 1609 484 1692 oppidi,
502 1629 644 1692 quonam
661 1609 808 1691 Cluvius,
833 1609 914 1675 civis
931 1610 1112 1691 Romanus
1129 1629 1265 1677 causam
1281 1611 1413 1680 deferre

181 1720 305 1799 potest,
336 1735 410 1784 curn
434 1736 546 1784 omnes
571 1717 716 1784 Caunios
740 1736 814 1783 reos
838 1717 959 1783 faciat?
995 1718 1024 1783 si
1048 1717 1182 1785 Caunus
1205 1720 1408 1801 provinciale

184 1830 258 1892 erat
282 1825 450 1908 oppidum,
486 1826 529 1893 ad
551 1826 785 1909 magistratum
807 1826 1008 1907 Romanum,
1043 1825 1072 1891 si
1095 1826 1247 1908 liberum,
1276 1827 1319 1893 ad
1342 1848 1411 1896 ma·

181 1932 359 2016 gistratum
383 1936 442 2000 aut
464 1938 616 1999 senatum
632 1933 829 1998 Romanum.
860 1932 974 1999 Liberi
988 1935 1085 1998 erant
1101 1931 1230 2014 Caunii,
1253 1937 1408 2018 utsupra

182 2039 259 2121 dixi,
275 2038 425 2123 Augusti
448 2044 574 2122 aetate;
600 2039 755 2107 videntur
777 2039 880 2123 igitur
903 2057 924 2104 a
947 2037 1092 2106 Caesare
1116 2044 1175 2106 aut
1198 2040 1240 2106 ab
1256 2040 1411 2126 Augusto

183 2146 374 2214 libertatem
398 2147 575 2230 accepisse.
584 2147 611 2232 1)

274 2255 447 2322 Libertate
480 2255 628 2338 spoliata
659 2259 711 2321 est
739 2253 874 2321 Caunus
909 2259 987 2322 ante
1020 2254 1053 2321 id
1081 2260 1226 2338 tempus,
1261 2275 1326 2338 quo
1349 2257 1412 2324 Dio

185 2359 443 2446 Chrysostomus
465 2363 670 2429 Rhodiacam
694 2362 877 2433 orationem
899 2363 1025 2429 habuit.
1071 2362 1137 2428 Hic
1161 2363 1246 2430 enim
1271 2361 1333 2448 (or.
1359 2365 1411 2446 31,

183 2489 216 2551 p.
233 2469 299 2534 633
315 2470 373 2550 R.)
396 2470 475 2537 dicit
497 2469 644 2537 Caunios
668 2489 733 2535 non
757 2470 894 2537 Rhodiis
918 2470 997 2536 solis
1019 2469 1207 2551 inservisse,
1231 2471 1412 2538 sedetiam

183 2575 342 2642 Romanis
358 2580 495 2658 propter
505 2577 682 2643 stultitiam
696 2582 729 2644 et
741 2577 941 2659 pravitatem
954 2577 1137 2642 animorum
1148 2595 1266 2659 parere
1278 2581 1411 2644 coactos

184 2700 266 2750 esse.
318 2682 480 2749 Videntur
513 2683 622 2765 igitur.
643 2682 777 2765 Caunii,
814 2703 888 2750 cum
921 2683 988 2749 iam
1015 2703 1037 2783 a
1065 2681 1175 2750 Sullae
1209 2686 1410 2768 temporibus

183 2788 322 2854 Rhodiis
355 2789 554 2856 inservirent
582 2790 761 2872 perdendis
790 2790 939 2871 tributis,
973 2793 1050 2872 post
1072 2789 1220 2873 Augusti
1255 2797 1410 2874 aetatem,

184 2894 327 2962 tortasse
350 2915 417 2963 una
443 2915 517 2962 cnm
541 2897 693 2978 Rhodiis,
717 2897 871 2963 libertate
894 2898 940 2981 (p.
965 2896 1021 2982 56)
1056 2897 1179 2979 privati
1207 2917 1280 2965 esse
1306 2919 1411 2983 eoque

185 3002 284 3069 modo
309 3003 470 3085 duplicem
494 3003 622 3070 subisse
645 3004 849 3071 servitutem.

345 3107 529 3195 [Orthosia.

275 3215 454 3284 Orthosiae
476 3225 583 3285 ἀτέλεια
606 3218 817 3300 praedicatur
837 3218 871 3284 in
893 3238 1025 3285 nummo
1050 3217 1222 3305 (Mionnet,
1246 3220 1277 3288 d.
1302 3222 1333 3288 d.
1358 3243 1410 3302 m,

185 3323 219 3393 S.
244 3326 308 3407 VI,
341 3346 372 3408 p.
397 3326 478 3407 529,
506 3345 538 3391 n.
563 3325 653 3410 456).
700 3326 815 3407 Neque
850 3332 961 3392 tamen
996 3328 1083 3410 apud
1109 3327 1275 3393 Headium
1310 3327 1354 3416 (h.
1378 3349 1410 3395 n.

185 3453 217 3515 p.
242 3431 322 3518 530)
351 3433 404 3499 hic
430 3451 581 3499 nummus
609 3433 785 3516 reperitur3
819 3434 1002 3500 Mommsen
1031 3453 1160 3517 quoque
1195 3433 1258 3520 (St.
1283 3435 1323 3502 R.
1347 3436 1410 3516 IH,

185 3560 217 3622 p.
234 3539 310 3620 683,
335 3558 365 3605 a.
385 3539 418 3624 1)
453 3558 527 3605 eum
554 3540 702 3622 spurium
736 3544 853 3621 putare
888 3541 1028 3608 videtur.
1074 3543 1113 3607 In
1148 3542 1212 3608 bac
1244 3562 1280 3608 re
1314 3542 1413 3610 dubia

185 3647 522 3714 Imhoof-Blumerum
546 3647 626 3727 adii,
653 3652 692 3713 ut
719 3665 845 3712 mecum
870 3651 1141 3729 communicaret,
1170 3650 1247 3731 quid
1275 3650 1414 3716 sentiret

187 3755 228 3821 de
260 3755 324 3820 boc
350 3772 493 3819 nummo.
539 3752 653 3836 Atque
687 3754 741 3819 ille
775 3755 915 3839 benigne
949 3756 1028 3821 mibi
1062 3756 1246 3838 respondit,
1280 3755 1413 3823 Sestinii

187 3861 431 3942 auctoritatem,
456 3880 522 3942 qua
537 3863 609 3928 sola
628 3861 779 3927 firmatur
801 3863 855 3928 bic
877 3882 1039 3944 nummus,
1062 3864 1159 3945 plane
1172 3864 1305 3945 nullam,
1321 3883 1412 3930 num·

187 3986 277 4033 mum
299 3967 406 4050 ipsum
430 3986 608 4049 numquam
631 3986 652 4034 a
675 3987 712 4034 se
735 3968 842 4035 visum
866 3968 963 4055 esse].

187 4256 400 4266 ----

261 4324 282 4395 ι)
301 4322 363 4379 Nisi
382 4323 455 4380 torte
473 4322 526 4378 hoc
543 4321 606 4378 loco
615 4320 700 4379 Plinii
713 4338 808 4380 errore
821 4323 960 4382 libertatis
972 4325 1068 4381 uotam
1080 4321 1205 4380 mutam
1218 4339 1280 4381 osse
1291 4327 1415 4383 statuero

187 4412 285 4470 mavis.
322 4411 382 4469 Hoc
399 4415 432 4468 ut
450 4411 591 4482 adderem,
609 4412 719 4469 monuit
737 4410 770 4470 0.
789 4412 957 4471 Hirschfeld.
