3174 4860
752 220 972 284 ,76-

343 415 481 485 Colonia
515 417 605 482 facta
644 418 695 482 est
728 414 895 480 Laodicea
930 410 1080 492 Septimii
1118 407 1233 475 Severi
1271 404 1473 488 temporibus

254 524 346 611 (Dig.
370 524 424 605 50,
451 523 502 604 15,
528 525 557 605 1,
582 523 602 586 3
626 522 714 602 618,
738 522 773 602 3;
796 520 904 600 Η666,
928 520 960 585 h.
984 537 1016 585 n.
1040 539 1072 598 p.
1097 514 1187 601 660).

412 668 444 732 4.
480 665 591 733 Sidon.

343 791 444 858 Sidon
467 791 545 856 urbs
568 791 634 856 iam
658 792 736 854 6616
758 789 982 853 Romanorum
1006 788 1151 850 aetatem
1173 783 1278 849 libera
1301 785 1377 847 erat
1400 779 1476 864 (Ios.

254 905 322 966 ant.
356 899 433 980 XV,
467 900 499 979 4,
533 897 577 978 1);
613 896 754 962 1166661
787 895 973 960 libertatem
1008 893 1037 957 61
1073 891 1365 970 confirmaverunt3
1401 905 1476 953 narn

254 1006 431 1084 Antonius,
456 1024 529 1070 cum
545 1003 655 1068 omnia
671 1002 800 1084 oppida,
824 1020 909 1083 quae
926 1004 1021 1065 erant
1037 999 1083 1064 cis
1099 998 1315 1064 Eleutherum
1331 994 1477 1073 fluvium,

256 1111 453 1194 Cleopatrae
468 1111 553 1176 dono
569 1111 674 1190 daret,
699 1108 821 1191 'Pyrum
838 1112 872 1172 et
888 1105 1041 1172 Sidonem
1058 1104 1195 1186 excepit,
1213 1103 1291 1186 quia
1306 1120 1365 1167 eas
1380 1100 1478 1166 urbes

255 1227 288 1288 ἐκ
308 1225 448 1306 προγόνων
470 1224 617 1303 ἐλευθέρας
653 1234 725 1281 esse
748 1215 883 1281 Sciebat.

343 1325 516 1391 Libertate
529 1323 661 1405 spoliati
673 1322 866 1388 366166667
870 1316 972 1386 34120
985 1320 1026 1385 61
1039 1318 1193 1402 Augusto
1207 1315 1478 1401 1116636547).

343 1433 396 1498 Dc
418 1430 582 1498 libertatis
606 1429 804 1511 testimonio,
829 1428 914 1510 quod
930 1426 1113 1491 Mommsen
1129 1423 1190 1509 (St.
1207 1425 1247 1490 R.
1263 1423 1327 1505 III,
1353 1443 1384 1505 p.
1404 1423 1479 1504 707,

257 1569 287 1617 6.
312 1549 344 1633 3)
368 1547 549 1632 proposuit,
575 1546 614 1612 61.
639 1567 670 1628 p.
698 1545 748 1611 12.

346 1655 484 1722 Colonia
506 1654 597 1720 16616
619 1653 750 1719 videtur
773 1652 814 1717 ab
838 1650 1007 1717 Antonino
1031 1649 1214 1732 Elagabalo
1240 1647 1366 1733 (Head,
1390 1649 1423 1714 h.
1448 1667 1479 1714 n.

254 1784 285 1845 p.
310 1763 397 1847 673).

416 1904 447 1970 5.
483 1904 600 1988 Tyrus.

346 2030 437 2110 Tyrii
470 2029 536 2094 iam
570 2032 647 2093 6616
682 2031 826 2093 6616166
849 2028 1034 2092 Romanam
1057 2027 1156 2110 ¹liberi
1183 2031 1279 2093 erant
1302 2027 1381 2111 (Ios.
1412 2034 1481 2095 ant.

256 2137 332 2219 XV,
356 2139 388 2217 4,
414 2136 460 2218 1);
492 2155 512 2201 a
534 2135 692 2200 Romanis
717 2135 764 2199 613
787 2134 926 2216 pecunia
949 2136 1058 2200 361616
1081 2135 1216 2200 libertas
1224 2134 1248 2218 1)
1272 2135 1406 2201 firmata
1431 2141 1483 2202 631

259 2242 337 2328 (Str.
361 2242 458 2324 XVI,
483 2243 518 2323 2,
542 2263 574 2324 p.
600 2242 690 2325 757);
713 2242 808 2307 liberi
834 2246 997 2307 vocantur
1020 2260 1041 2306 6
1063 2242 1205 2323 Iosepho
1230 2241 1332 2326 (1.1).
1380 2241 1481 2307 Anno

261 2347 384 2416 734120
407 2349 448 2414 61
472 2347 626 2431 Augusto
650 2347 802 2413 libertate
825 2347 948 2429 privati
971 2352 1048 2413 sunt
1072 2349 1126 2432 (D.
1152 2347 1247 2414 (lass.
1271 2348 1325 2430 54,
1352 2348 1400 2432 7);
1426 2349 1485 2416 sed

258 2461 375 2539 postea
398 2474 463 2520 non
486 2457 591 2521 solum
614 2455 647 2520 in
670 2455 857 2520 libertatem
881 2455 1027 2521 restituti
1050 2461 1137 2538 sunt,
1161 2456 1219 2522 sed
1243 2457 1343 2522 ctiam
1367 2458 1484 2524 foedus

260 2583 333 2630 cum
358 2563 404 2628 eis
429 2567 487 2628 aut
509 2563 634 2627 facturn
658 2566 717 2627 aut
739 2567 935 2627 renovatum
959 2568 1019 2628 631.
1051 2564 1139 2628 Nam
1163 2564 1204 2629 ab
1220 2564 1364 2645 Ulpiano
1390 2562 1484 2648 (Dig.

259 2671 313 2751 50,
342 2670 393 2752 15,
419 2670 449 2754 1)
474 2670 581 2753 Tyrus
606 2669 771 2749 ‘foederis
796 2669 882 2750 quod
907 2689 980 2735 cum
1003 2671 1161 2735 Romanis
1185 2671 1364 2753 percussit,
1389 2676 1486 2738 tena-

262 2777 403 2843 cissima'
439 2781 588 2842 vocatur.
641 2774 788 2857 Quocum
824 2777 987 2842 consent't
1021 2777 1135 2842 titulus
1170 2776 1319 2844 Puteolis
1355 2779 1485 2860 positus

262 2882 360 2968 (CIL.
377 2884 421 2964 X,
440 2883 522 2947 1601
543 2911 583 2938 =
600 2882 736 2964 Kaibel,
754 2883 858 2948 Inscr.
876 2883 935 2949 Gr.
954 2882 1017 2950 Sic.
1036 2889 1069 2949 61
1083 2885 1159 2951 Ital.
1178 2884 1265 2966 831),
1290 2904 1353 2966 quo
1377 2885 1487 2969 syrus

261 2989 459 3075 foede[rata]
484 2990 612 3057 dicitur.

349 3099 402 3163 De
425 3097 587 3163 libertatis
610 3097 809 3178 testimonio,
834 3098 920 3178 quod
935 3098 1117 3164 Mommsen
1142 3098 1389 3183 (81.11.1Π,6.
1408 3102 1486 3183 707,

264 3196 293 3270 a.
319 3204 351 3288 3)
375 3204 556 3287 proposuit,
580 3204 620 3270 61.
644 3225 676 3286 p.
703 3205 753 3271 12.

353 3310 490 3377 Colonia
505 3312 656 3377 Romana
679 3311 769 3376 16616
785 3316 837 3377 631
851 3312 940 3377 intra
957 3331 1060 3378 annos
1079 3312 1141 3377 198
1163 3313 1277 3379 61209
1295 3313 1384 3398 (Dig.
1402 3316 1423 3381 l.
1441 3315 1488 3399 1.).

424 3455 454 3519 6.
489 3454 624 3520 Ascalo.

352 3579 551 3645 Ascalonem
585 3579 722 3644 liberum
757 3579 911 3661 oppidum
939 3586 1038 3646 vocat
1059 3581 1186 3648 Plinius
1222 3583 1265 3667 (n.
1290 3585 1322 3649 h.
1346 3585 1392 3665 V,
1417 3586 1488 3672 68).

263 3685 437 3770 Augustus
453 3687 516 3752 nisi
531 3686 674 3752 Herodis
691 3687 777 3769 regis
796 3687 936 3769 domum,
953 3708 1037 3769 quae
1054 3694 1127 3756 erat
1139 3690 1316 3772 Ascalone,
1333 3691 1489 3760 Salomac

265 3813 330 3858 non
354 3793 442 3859 dedit
466 3793 543 3877 (163.
569 3798 637 3858 ant.
661 3793 776 3873 XVH,
803 3796 858 3875 11,
883 3794 918 3876 5;
943 3796 1016 3861 bell.
1040 3798 1090 3878 Π,
1115 3799 1145 3878 6,
1171 3798 1219 3882 8);
1254 3798 1332 3864 urbs
1355 3799 1430 3880 ipsa
1455 3806 1491 3867 et

265 3900 368 3966 libera
388 3901 585 3965 remansisse
601 3900 732 3966 videtur
748 3906 781 3966 61
805 3939 843 3948 -
869 3902 1001 3968 dubium
1018 3923 1081 3986 quo
1099 3910 1245 3986 tempore
1260 3942 1305 3950 —
1325 3906 1490 3973 coloniam

266 4006 394 4088 accepit
428 4007 471 4090 (p.
503 4007 570 4091 14);
610 4025 686 4072 nam
720 4012 860 4074 vocatur
894 4009 1046 4093 (Hermes
1089 4011 1140 4093 19,
1175 4031 1206 4093 p.
1235 4012 1315 4092 418,
1349 4013 1370 4076 l.
1400 4010 1488 4098 213);

262 4110 393 4172 ‘soleria
413 4113 430 4190 ἡ
452 4113 530 4189 πιστὴ
552 4111 597 4172 καὶ
619 4111 769 4192 1166111ραῖ

339 4280 360 4350 ¹)
380 4280 432 4335 hoc
454 4279 516 4335 loco
536 4297 552 4334 e
572 4276 709 4335 Strabone
733 4280 892 4337 libertatem
912 4286 940 4340 61
958 4284 1159 4354 autonomiam,
1178 4284 1206 4341 id
1230 4284 1377 4357 quidplus
1398 4286 1489 4343 semel

269 4366 336 4424 facit
354 4368 391 4439 (p.
411 4370 427 4424 3
447 4371 546 4439 6133),
564 4365 697 4424 oonfirndi
715 4367 797 4426 docet
813 4371 926 4442 losephi
944 4372 1021 4428 locus
1041 4375 1074 4444 (s.
1093 4374 1132 4444 1.).
