3174 4860
762 201 983 266 ..80-

423 397 454 463 2.
489 395 727 462 Accamtanum
751 395 914 477 oppidum.

352 504 484 587 ‘oppida
496 503 610 584 libera,
627 502 799 584 exquibus
816 539 860 547 -
875 500 1124 569 Accaritanum’
1141 501 1240 590 (le.
1258 527 1289 573 n.
1306 504 1338 569 h.
1357 504 1402 588 V,
1421 507 1495 594 30).

423 646 453 711 3.
490 643 675 730 Acholla1).

352 761 494 827 Acholla
515 760 592 826 inde
620 760 661 826 ab
685 778 770 825 anno
796 757 942 827 6081146
971 760 1076 826 libera
1103 762 1221 829 ciuitas
1244 765 1308 831 fuit
1332 765 1493 850 (Aquilli-

261 873 427 936 tanorum:
454 867 539 934 OIL.
563 868 595 947 I,
620 866 743 946 200,1.
769 864 899 950 79180);
935 885 1012 932 nam
1036 886 1121 933 anno
1146 866 1307 954 643l111,
1344 893 1411 956 quo
1435 877 1491 943 lex

261 976 395 1060 agraria
429 975 508 1041 data
543 978 607 1055 est,
642 992 836 1053 proxumum
873 973 992 1039 bellum
1026 973 1188 1042 Punicum
1223 976 1326 1062 (CIL.
1350 981 1381 1062 Ι,
1406 981 1489 1064 200,

261 1086 282 1150 1.
309 1082 364 1167 75)
387 1082 420 1148 id
445 1086 527 1162 erat,
551 1099 614 1162 quo
640 1078 808 1162 Carthago
832 1079 942 1146 deleta
964 1084 1023 1146 est.
1070 1082 1225 1149 Liberam
1249 1088 1284 1151 et
1306 1086 1483 1154 immunem

261 1190 435 1257 Achollam
458 1192 558 1255 vocat
585 1190 701 1252 auctor
733 1186 810 1251 belli
832 1185 983 1252 Africani
1017 1185 1161 1274 (33,1),
1194 1191 1334 1258 liberam
1356 1193 1480 1262 Plinius

264 1298 307 1384 (1.
331 1298 362 1363 h.
386 1299 428 1376 V,
452 1294 510 1380 30)
535 1298 569 1360 et
592 1292 711 1359 Strabo
737 1292 859 1376 (XVII,
883 1293 914 1374 3,
938 1314 969 1375 p.
996 1295 1083 1377 831).

419 1441 451 1504 4,
486 1437 643 1503 Aulodes,

350 1553 477 1620 Civitas
500 1553 604 1619 libera
618 1551 681 1618 suit
695 1551 842 1618 Aulodes
867 1554 945 1618 ante
962 1552 1100 1635 Septimi
1116 1554 1229 1622 Severi
1244 1557 1486 1642 principatum,

260 1682 336 1729 nam
370 1667 509 1727 vocatur
533 1658 634 1744 (CIL.
658 1658 743 1723 VIH
779 1657 812 1724 S.
851 1658 988 1745 14355):
1031 1661 1252 1744 ‘municipium
1288 1663 1485 1747 Septimium

257 1770 394 1836 liborum
417 1766 574 1834 Aulodes'
599 1764 654 1851 (cf.
678 1784 754 1850 pag.
780 1765 820 1828 12
844 1763 941 1851 sqq.).

418 1910 449 1976 5.
485 1909 587 1976 Aves

346 2027 438 2094 Aves
461 2026 598 2092 liberum
621 2029 760 2090 vocatur
782 2043 803 2091 a
825 2023 933 2089 Plinio
957 2023 1002 2106 (n.
1026 2026 1058 2090 h.
1083 2027 1124 2108 V,
1149 2025 1217 2111 25).

418 2170 449 2236 6.
484 2168 614 2236 Avitta.

348 2285 479 2369 ‘oppida
493 2286 607 2366 libera,
632 2304 672 2351 ex
695 2283 871 2366 quibus-
886 2239 1106 2369 Auttense’p
1131 2286 1228 2370 (Plin.
1247 2307 1278 2354 n.
1296 2289 1328 2354 h.
1344 2289 1387 2370 V,
1413 2291 1489 2376 30).

258 2392 419 2460 Fortasse
446 2392 656 2474 municipium
680 2391 804 2457 factum
833 2396 885 2457 est
907 2390 1027 2457 Avitta
1049 2393 1214 2460 Hadriani
1242 2398 1355 2462 aetate
1379 2395 1491 2481 (om.

258 2500 353 2582 VIH,
376 2521 407 2583 p.
434 2499 523 2582 100).
623 2494 626 2502 ’

419 2643 448 2709 7.
483 2643 582 2708 Bulla
605 2642 711 2725 Regna

351 2760 499 2826 ‘liberum
523 2758 687 2841 oppidum'
712 2757 809 2842 (Pnn.
833 2777 865 2824 n.
889 2759 921 2824 h.
945 2758 987 2840 0,
1012 2758 1077 2844 22).

419 2903 449 2968 8.
487 2901 729 2983 Canopitanum
753 2899 916 2982 oppidum.

349 3018 480 3100 ‘oppida
495 3018 608 3098 libera,
630 3037 671 3083 ex
687 3018 802 3098 quibus
814 3054 859 3062 —
872 3016 1125 3099 Canopitanum'
1143 3019 1240 3104 (Plin.
1257 3039 1288 3086 n.
1306 3020 1337 3086 h.
1355 3022 1398 3104 0,
1417 3023 1488 3112 30).

421 3161 452 3228 9.
489 3159 628 3227 Cercina

350 3269 439 3334 ‘urbe
462 3268 575 3335 libcra’
600 3267 697 3354 (Pliu.
720 3288 752 3333 n.
777 3268 808 3334 11.
833 3269 873 3351 V,
898 3267 967 3354 41).

421 3374 575 3461 [Cillium.

343 3484 383 3549 In
406 3483 618 3565 inscriptione
642 3483 789 3549 coloniae
811 3481 950 3549 11111111
974 3481 1061 3548 011111
1085 3482 1186 3570 (om.
1210 3482 1305 3564 VHI,
1329 3483 1411 3568 210;
1439 3490 1483 3556 cf.

258 3589 280 3656 S
299 3589 421 3676 11299)
445 3609 575 3656 erasum
599 3597 651 3657 est
674 3595 708 3656 et
729 3608 847 3655 nomen
872 3590 1007 3656 alterius
1023 3590 1169 3673 Augusti
1194 3595 1228 3656 et
1245 3591 1384 3658 uerbum
1407 3603 1489 3676 post

257 3716 385 3763 vocem:
422 3697 636 3763 ‘ornamenta’
669 3697 827 3779 positum,
864 3697 998 3763 alterius
1021 3697 1168 3780 Augusti
1191 3697 1330 3763 ‘Licinii'
1363 3718 1487 3768 nomen

259 3804 462 3885 rest‘tutum,
497 3807 586 3886 post:
628 3805 842 3870 ‘ornamenta’
879 3805 1017 3870 ‘liberta'
1052 3805 1212 3871 insertum
1247 3809 1308 3871 est.
1370 3805 1487 3889 Atque

258 3911 440 3977 Mommsen
464 3910 521 3997 (ad
538 3909 623 3976 οΠ1.
639 3912 661 3976 1.
677 3909 714 3996 1.)
739 3912 858 3977 conicit
878 3930 996 3977 nomon
1019 3912 1127 3977 Licini
1151 3930 1237 3977 anno
1261 3912 1326 3975 314
1350 3931 1486 3982 erasum

258 4024 392 4100 propter
403 4018 522 4084 bellum
534 4018 621 4084 inter
632 4016 886 4084 Constantinum
899 4023 932 4084 11
944 4019 1107 4085 LIcinium
1120 4022 1279 4100 exortum,
1292 4018 1486 4088 restitutum

261 4144 333 4191 esse
355 4130 431 4207 post
454 4143 568 4206 pacem
592 4124 678 4189 inter
702 4143 757 4189 eos
781 4125 1051 4206 redintegratam.

332 4284 353 4349 ι)
372 4283 407 4338 de
425 4283 510 4339 variis
527 4281 649 4338 nominis
669 4281 765 4338 formis
784 4282 819 4340 cf.
839 4281 906 4341 CIL.
926 4281 1001 4351 VIII,
1019 4298 1046 4355 p.
1069 4285 1110 4340 ll.

332 4373 353 4443 ¹)
372 4389 397 4445 p.
419 4375 461 4430 19.
