<?xml version="1.0" encoding="UTF-8"?>
<!DOCTYPE html PUBLIC "-//W3C//DTD XHTML 1.0 Transitional//EN"
    "http://www.w3.org/TR/xhtml1/DTD/xhtml1-transitional.dtd">
<html xmlns="http://www.w3.org/1999/xhtml" xml:lang="en" lang="en">
 <head>
  <title>
</title>
<meta http-equiv="Content-Type" content="text/html;charset=utf-8" />
  <meta name='ocr-system' content='tesseract 3.04.00' />
  <meta name='ocr-capabilities' content='ocr_page ocr_carea ocr_par ocr_line ocrx_word'/>
</head>
<body>
  <div class='ocr_page' id='page_1' title='image "./decivitatibusli00henzgoog_0034.png"; bbox 0 0 3174 4860; ppageno 0'>
   <div class='ocr_carea' id='block_1_1' title="bbox 681 242 901 310">
    <p class='ocr_par' dir='ltr' id='par_1_1' title="bbox 681 242 901 310">
     <span class='ocr_line' id='line_1_1' title="bbox 681 242 901 310; baseline -0.009 -16"><span class='ocrx_word' id='word_1_1' title='bbox 681 242 901 310; x_wconf 74' lang='lat'><strong>..23-</strong></span> 
     </span>
    </p>
   </div>
   <div class='ocr_carea' id='block_1_2' title="bbox 609 436 969 519">
    <p class='ocr_par' dir='ltr' id='par_1_2' title="bbox 609 436 969 519">
     <span class='ocr_line' id='line_1_2' title="bbox 609 436 969 519; baseline -0.008 -15"><span class='ocrx_word' id='word_1_2' title='bbox 609 436 741 504; x_wconf 84' lang='lat' dir='ltr'>Gallia</span> <span class='ocrx_word' id='word_1_3' title='bbox 764 436 969 519; x_wconf 88' lang='lat' dir='ltr'>cisalpina.</span> 
     </span>
    </p>
   </div>
   <div class='ocr_carea' id='block_1_3' title="bbox 180 573 1403 1203">
    <p class='ocr_par' dir='ltr' id='par_1_3' title="bbox 180 573 1403 1203">
     <span class='ocr_line' id='line_1_3' title="bbox 271 573 1401 664; baseline -0.005 -14"><span class='ocrx_word' id='word_1_4' title='bbox 271 582 381 650; x_wconf 84' lang='lat' dir='ltr'>Gallia</span> <span class='ocrx_word' id='word_1_5' title='bbox 408 573 567 664; x_wconf 85' lang='lat' dir='ltr'>cisalpina</span> <span class='ocrx_word' id='word_1_6' title='bbox 595 599 616 648; x_wconf 90' lang='lat' dir='ltr'>a</span> <span class='ocrx_word' id='word_1_7' title='bbox 642 581 682 647; x_wconf 86' lang='lat' dir='ltr'>L.</span> <span class='ocrx_word' id='word_1_8' title='bbox 712 579 803 647; x_wconf 86' lang='lat' dir='ltr'>Sulla</span> <span class='ocrx_word' id='word_1_9' title='bbox 837 579 1025 662; x_wconf 89' lang='lat' dir='ltr'>provinciae</span> <span class='ocrx_word' id='word_1_10' title='bbox 1059 578 1198 646; x_wconf 77' lang='lat' dir='ltr'>formam</span> <span class='ocrx_word' id='word_1_11' title='bbox 1233 578 1401 661; x_wconf 87' lang='lat' dir='ltr'>accepisse</span> 
     </span>
     <span class='ocr_line' id='line_1_4' title="bbox 181 681 1402 777; baseline -0.007 -19"><span class='ocrx_word' id='word_1_12' title='bbox 181 691 311 759; x_wconf 86' lang='lat' dir='ltr'>videtur</span> <span class='ocrx_word' id='word_1_13' title='bbox 338 690 548 777; x_wconf 81' lang='lat' dir='ltr'>(Mommsen,</span> <span class='ocrx_word' id='word_1_14' title='bbox 576 689 616 755; x_wconf 88' lang='lat' dir='ltr'>R.</span> <span class='ocrx_word' id='word_1_15' title='bbox 646 686 688 755; x_wconf 80' lang='lat' dir='ltr'>G.</span> <span class='ocrx_word' id='word_1_16' title='bbox 712 687 772 769; x_wconf 81' lang='lat'>11⁸,</span> <span class='ocrx_word' id='word_1_17' title='bbox 796 706 828 770; x_wconf 92' lang='lat' dir='ltr'>p.</span> <span class='ocrx_word' id='word_1_18' title='bbox 856 682 1031 770; x_wconf 81' lang='grc'><strong>3541355),</strong></span> <span class='ocrx_word' id='word_1_19' title='bbox 1062 703 1148 752; x_wconf 89' lang='grc'><strong>6666</strong></span> <span class='ocrx_word' id='word_1_20' title='bbox 1178 681 1300 766; x_wconf 91' lang='grc'><strong>712142</strong></span> <span class='ocrx_word' id='word_1_21' title='bbox 1327 704 1402 767; x_wconf 93' lang='lat' dir='ltr'>pro-</span> 
     </span>
     <span class='ocr_line' id='line_1_5' title="bbox 181 791 1403 880; baseline -0.007 -16"><span class='ocrx_word' id='word_1_22' title='bbox 181 797 290 864; x_wconf 88' lang='lat' dir='ltr'>vincia</span> <span class='ocrx_word' id='word_1_23' title='bbox 327 814 400 863; x_wconf 88' lang='lat' dir='ltr'>esse</span> <span class='ocrx_word' id='word_1_24' title='bbox 437 794 535 862; x_wconf 89' lang='lat' dir='ltr'>desiit</span> <span class='ocrx_word' id='word_1_25' title='bbox 573 795 782 880; x_wconf 79' lang='lat' dir='ltr'>(Mommsen,</span> <span class='ocrx_word' id='word_1_26' title='bbox 822 792 909 860; x_wconf 77' lang='lat' dir='ltr'>om.</span> <span class='ocrx_word' id='word_1_27' title='bbox 947 793 981 873; x_wconf 96' lang='grc' dir='ltr'>Ι,</span> <span class='ocrx_word' id='word_1_28' title='bbox 1019 811 1052 875; x_wconf 93' lang='grc'>6.</span> <span class='ocrx_word' id='word_1_29' title='bbox 1093 792 1170 874; x_wconf 89' lang='grc'><strong>118;</strong></span> <span class='ocrx_word' id='word_1_30' title='bbox 1217 791 1257 859; x_wconf 84' lang='grc'>61.</span> <span class='ocrx_word' id='word_1_31' title='bbox 1303 791 1403 876; x_wconf 89' lang='lat' dir='ltr'>etiam</span> 
     </span>
     <span class='ocr_line' id='line_1_6' title="bbox 182 897 1402 987; baseline -0.006 -15"><span class='ocrx_word' id='word_1_32' title='bbox 182 904 230 972; x_wconf 91' lang='lat' dir='ltr'>St.</span> <span class='ocrx_word' id='word_1_33' title='bbox 259 905 299 971; x_wconf 88' lang='lat' dir='ltr'>R.</span> <span class='ocrx_word' id='word_1_34' title='bbox 323 903 383 986; x_wconf 81' lang='lat'>11³,</span> <span class='ocrx_word' id='word_1_35' title='bbox 412 923 443 986; x_wconf 87' lang='lat' dir='ltr'>p.</span> <span class='ocrx_word' id='word_1_36' title='bbox 469 902 545 984; x_wconf 89' lang='grc'><strong>239,</strong></span> <span class='ocrx_word' id='word_1_37' title='bbox 569 920 599 968; x_wconf 89' lang='grc'>6.</span> <span class='ocrx_word' id='word_1_38' title='bbox 626 901 668 987; x_wconf 99' lang='grc'>1).</span> <span class='ocrx_word' id='word_1_39' title='bbox 716 899 789 984; x_wconf 81' lang='lat' dir='ltr'>Quo</span> <span class='ocrx_word' id='word_1_40' title='bbox 803 905 959 984; x_wconf 87' lang='lat' dir='ltr'>tempore</span> <span class='ocrx_word' id='word_1_41' title='bbox 987 903 1021 966; x_wconf 94' lang='grc'>61</span> <span class='ocrx_word' id='word_1_42' title='bbox 1045 897 1216 982; x_wconf 89' lang='lat' dir='ltr'>oispadani</span> <span class='ocrx_word' id='word_1_43' title='bbox 1238 904 1272 965; x_wconf 91' lang='lat' dir='ltr'>et</span> <span class='ocrx_word' id='word_1_44' title='bbox 1294 902 1402 965; x_wconf 87' lang='lat' dir='ltr'>trans·</span> 
     </span>
     <span class='ocr_line' id='line_1_7' title="bbox 180 1001 1403 1096; baseline -0.007 -16"><span class='ocrx_word' id='word_1_45' title='bbox 180 1001 303 1096; x_wconf 88' lang='lat' dir='ltr'>padani</span> <span class='ocrx_word' id='word_1_46' title='bbox 324 1010 544 1078; x_wconf 85' lang='lat' dir='ltr'>Latinitatem</span> <span class='ocrx_word' id='word_1_47' title='bbox 568 1013 602 1076; x_wconf 89' lang='grc'>61</span> <span class='ocrx_word' id='word_1_48' title='bbox 625 1009 794 1076; x_wconf 85' lang='lat' dir='ltr'>civitatem</span> <span class='ocrx_word' id='word_1_49' title='bbox 809 1009 995 1075; x_wconf 85' lang='lat' dir='ltr'>Romanam</span> <span class='ocrx_word' id='word_1_50' title='bbox 1020 1005 1188 1073; x_wconf 70' lang='lat' dir='ltr'><strong>consecuti</strong></span> <span class='ocrx_word' id='word_1_51' title='bbox 1211 1005 1288 1087; x_wconf 91' lang='lat' dir='ltr'>sint,</span> <span class='ocrx_word' id='word_1_52' title='bbox 1311 1006 1403 1089; x_wconf 88' lang='lat' dir='ltr'>legas</span> 
     </span>
     <span class='ocr_line' id='line_1_8' title="bbox 181 1114 873 1203; baseline -0.004 -17"><span class='ocrx_word' id='word_1_53' title='bbox 181 1118 269 1203; x_wconf 89' lang='lat' dir='ltr'>apud</span> <span class='ocrx_word' id='word_1_54' title='bbox 290 1119 530 1185; x_wconf 90' lang='lat' dir='ltr'>Mommsenum</span> <span class='ocrx_word' id='word_1_55' title='bbox 554 1114 653 1202; x_wconf 85' lang='lat' dir='ltr'>(CIL.</span> <span class='ocrx_word' id='word_1_56' title='bbox 676 1116 705 1199; x_wconf 95' lang='lat' dir='ltr'>I,</span> <span class='ocrx_word' id='word_1_57' title='bbox 727 1135 759 1199; x_wconf 87' lang='lat' dir='ltr'>p.</span> <span class='ocrx_word' id='word_1_58' title='bbox 786 1115 873 1200; x_wconf 90' lang='grc'><strong>118).</strong></span> 
     </span>
    </p>
   </div>
   <div class='ocr_carea' id='block_1_4' title="bbox 197 1260 1236 1450">
    <p class='ocr_par' dir='ltr' id='par_1_4' title="bbox 197 1260 1236 1450">
     <span class='ocr_line' id='line_1_9' title="bbox 197 1260 1236 1450; baseline -0.006 -15"><span class='ocrx_word' id='word_1_59' title='bbox 197 1324 199 1328; x_wconf 59' lang='grc'><strong>’</strong></span> <span class='ocrx_word' id='word_1_60' title='bbox 270 1260 695 1435; x_wconf 49' lang='grc' dir='ltr'><strong>6616661111ᾛέἒὰ6666</strong></span> <span class='ocrx_word' id='word_1_61' title='bbox 718 1369 818 1432; x_wconf 73' lang='lat' dir='ltr'>vocat</span> <span class='ocrx_word' id='word_1_62' title='bbox 841 1365 957 1433; x_wconf 76' lang='grc'><strong>6666</strong></span> <span class='ocrx_word' id='word_1_63' title='bbox 982 1364 1026 1450; x_wconf 81' lang='lat' dir='ltr'>(p.</span> <span class='ocrx_word' id='word_1_64' title='bbox 1050 1363 1145 1430; x_wconf 78' lang='lat' dir='ltr'>suu.</span> <span class='ocrx_word' id='word_1_65' title='bbox 1169 1362 1236 1446; x_wconf 82' lang='grc'><strong>66).</strong></span> 
     </span>
    </p>
   </div>
   <div class='ocr_carea' id='block_1_5' title="bbox 185 1508 1406 2031">
    <p class='ocr_par' dir='ltr' id='par_1_5' title="bbox 343 1508 540 1577">
     <span class='ocr_line' id='line_1_10' title="bbox 343 1508 540 1577; baseline 0.005 -2"><span class='ocrx_word' id='word_1_66' title='bbox 343 1510 374 1577; x_wconf 93' lang='grc'>2.</span> <span class='ocrx_word' id='word_1_67' title='bbox 412 1508 540 1577; x_wconf 83' lang='lat' dir='ltr'>Genua.</span> 
     </span>
    </p>

    <p class='ocr_par' dir='ltr' id='par_1_6' title="bbox 185 1613 1406 2031">
     <span class='ocr_line' id='line_1_11' title="bbox 273 1613 1404 1697; baseline -0.004 -13"><span class='ocrx_word' id='word_1_68' title='bbox 273 1615 443 1684; x_wconf 85' lang='lat' dir='ltr'>Genuates</span> <span class='ocrx_word' id='word_1_69' title='bbox 473 1634 559 1684; x_wconf 93' lang='grc'><strong>6666</strong></span> <span class='ocrx_word' id='word_1_70' title='bbox 587 1614 745 1697; x_wconf 91' lang='grc'><strong>6371117,</strong></span> <span class='ocrx_word' id='word_1_71' title='bbox 774 1634 847 1682; x_wconf 92' lang='lat' dir='ltr'>cum</span> <span class='ocrx_word' id='word_1_72' title='bbox 874 1615 915 1682; x_wconf 92' lang='lat' dir='ltr'>de</span> <span class='ocrx_word' id='word_1_73' title='bbox 943 1614 1011 1681; x_wconf 90' lang='lat' dir='ltr'>suis</span> <span class='ocrx_word' id='word_1_74' title='bbox 1043 1614 1311 1697; x_wconf 88' lang='lat' dir='ltr'>Vituriorumque</span> <span class='ocrx_word' id='word_1_75' title='bbox 1340 1613 1404 1680; x_wconf 91' lang='lat' dir='ltr'>dis·</span> 
     </span>
     <span class='ocr_line' id='line_1_12' title="bbox 185 1720 1406 1804; baseline -0.003 -13"><span class='ocrx_word' id='word_1_76' title='bbox 185 1724 305 1792; x_wconf 88' lang='lat' dir='ltr'>cordiis</span> <span class='ocrx_word' id='word_1_77' title='bbox 333 1725 501 1791; x_wconf 89' lang='lat' dir='ltr'>Romanos</span> <span class='ocrx_word' id='word_1_78' title='bbox 530 1723 673 1791; x_wconf 84' lang='lat' dir='ltr'><strong>arbitros</strong></span> <span class='ocrx_word' id='word_1_79' title='bbox 702 1726 868 1804; x_wconf 72' lang='lat' dir='ltr'>crearent,</span> <span class='ocrx_word' id='word_1_80' title='bbox 903 1741 1010 1804; x_wconf 93' lang='lat' dir='ltr'>neque</span> <span class='ocrx_word' id='word_1_81' title='bbox 1037 1721 1084 1788; x_wconf 88' lang='lat' dir='ltr'>eis</span> <span class='ocrx_word' id='word_1_82' title='bbox 1111 1721 1277 1791; x_wconf 90' lang='lat' dir='ltr'>subiectos</span> <span class='ocrx_word' id='word_1_83' title='bbox 1304 1720 1406 1787; x_wconf 82' lang='lat' dir='ltr'>tuisse</span> 
     </span>
     <span class='ocr_line' id='line_1_13' title="bbox 188 1828 1406 1914; baseline -0.002 -16"><span class='ocrx_word' id='word_1_84' title='bbox 188 1851 293 1914; x_wconf 89' lang='lat' dir='ltr'>neque</span> <span class='ocrx_word' id='word_1_85' title='bbox 319 1831 440 1898; x_wconf 89' lang='lat' dir='ltr'>Latino</span> <span class='ocrx_word' id='word_1_86' title='bbox 468 1831 539 1898; x_wconf 93' lang='lat' dir='ltr'>iure</span> <span class='ocrx_word' id='word_1_87' title='bbox 568 1849 645 1898; x_wconf 90' lang='grc'><strong>6666</strong></span> <span class='ocrx_word' id='word_1_88' title='bbox 674 1848 747 1897; x_wconf 89' lang='grc'><strong>6666</strong></span> <span class='ocrx_word' id='word_1_89' title='bbox 773 1830 956 1896; x_wconf 81' lang='lat' dir='ltr'>Mommsen</span> <span class='ocrx_word' id='word_1_90' title='bbox 984 1828 1083 1914; x_wconf 86' lang='lat' dir='ltr'>(CIL.</span> <span class='ocrx_word' id='word_1_91' title='bbox 1112 1829 1144 1910; x_wconf 93' lang='grc' dir='ltr'>Ι,</span> <span class='ocrx_word' id='word_1_92' title='bbox 1171 1848 1203 1911; x_wconf 90' lang='lat' dir='ltr'>p.</span> <span class='ocrx_word' id='word_1_93' title='bbox 1233 1828 1287 1911; x_wconf 86' lang='grc'><strong>73)</strong></span> <span class='ocrx_word' id='word_1_94' title='bbox 1316 1832 1406 1895; x_wconf 90' lang='grc'><strong>66616</strong></span> 
     </span>
     <span class='ocr_line' id='line_1_14' title="bbox 187 1934 1405 2031; baseline -0.003 -26"><span class='ocrx_word' id='word_1_95' title='bbox 187 1938 356 2031; x_wconf 63' lang='lat' dir='ltr'>intellexit.</span> <span class='ocrx_word' id='word_1_96' title='bbox 402 1939 521 2021; x_wconf 89' lang='lat' dir='ltr'>Itaque</span> <span class='ocrx_word' id='word_1_97' title='bbox 548 1957 605 2005; x_wconf 88' lang='grc'>666</span> <span class='ocrx_word' id='word_1_98' title='bbox 632 1938 686 2004; x_wconf 93' lang='lat' dir='ltr'>ille</span> <span class='ocrx_word' id='word_1_99' title='bbox 716 1936 919 2020; x_wconf 89' lang='lat' dir='ltr'>‘simpliciter</span> <span class='ocrx_word' id='word_1_100' title='bbox 952 1935 1149 2004; x_wconf 87' lang='lat' dir='ltr'>foederatos’</span> <span class='ocrx_word' id='word_1_101' title='bbox 1183 1935 1285 2002; x_wconf 83' lang='grc'><strong>161666</strong></span> <span class='ocrx_word' id='word_1_102' title='bbox 1313 1934 1405 2017; x_wconf 90' lang='lat' dir='ltr'>dicit;</span> 
     </span>
    </p>
   </div>
   <div class='ocr_carea' id='block_1_6' title="bbox 185 2042 1406 2328">
    <p class='ocr_par' dir='ltr' id='par_1_7' title="bbox 185 2042 1406 2328">
     <span class='ocr_line' id='line_1_15' title="bbox 187 2042 1406 2129; baseline -0.005 -16"><span class='ocrx_word' id='word_1_103' title='bbox 187 2045 274 2127; x_wconf 91' lang='lat' dir='ltr'>quod</span> <span class='ocrx_word' id='word_1_104' title='bbox 297 2064 496 2129; x_wconf 89' lang='lat' dir='ltr'>quamquam</span> <span class='ocrx_word' id='word_1_105' title='bbox 518 2064 578 2129; x_wconf 92' lang='lat' dir='ltr'>pro</span> <span class='ocrx_word' id='word_1_106' title='bbox 602 2048 692 2112; x_wconf 89' lang='lat' dir='ltr'>certo</span> <span class='ocrx_word' id='word_1_107' title='bbox 716 2044 936 2112; x_wconf 84' lang='lat' dir='ltr'>demonstrari</span> <span class='ocrx_word' id='word_1_108' title='bbox 957 2043 1081 2127; x_wconf 89' lang='lat' dir='ltr'>nequit,</span> <span class='ocrx_word' id='word_1_109' title='bbox 1105 2047 1216 2111; x_wconf 90' lang='lat' dir='ltr'>tamen</span> <span class='ocrx_word' id='word_1_110' title='bbox 1238 2043 1328 2110; x_wconf 93' lang='lat' dir='ltr'>haud</span> <span class='ocrx_word' id='word_1_111' title='bbox 1347 2042 1406 2107; x_wconf 93' lang='lat' dir='ltr'>im·</span> 
     </span>
     <span class='ocr_line' id='line_1_16' title="bbox 185 2150 1406 2236; baseline -0.003 -16"><span class='ocrx_word' id='word_1_112' title='bbox 185 2153 354 2236; x_wconf 77' lang='lat' dir='ltr'>probabile</span> <span class='ocrx_word' id='word_1_113' title='bbox 376 2153 507 2220; x_wconf 83' lang='lat' dir='ltr'>videtur</span> <span class='ocrx_word' id='word_1_114' title='bbox 530 2151 736 2220; x_wconf 85' lang='lat' dir='ltr'>Genuatibus</span> <span class='ocrx_word' id='word_1_115' title='bbox 761 2157 831 2218; x_wconf 93' lang='lat' dir='ltr'>tum</span> <span class='ocrx_word' id='word_1_116' title='bbox 854 2170 876 2219; x_wconf 92' lang='lat' dir='ltr'>a</span> <span class='ocrx_word' id='word_1_117' title='bbox 897 2151 1056 2218; x_wconf 86' lang='lat' dir='ltr'>Romanis</span> <span class='ocrx_word' id='word_1_118' title='bbox 1079 2150 1265 2217; x_wconf 88' lang='lat' dir='ltr'>libertatem</span> <span class='ocrx_word' id='word_1_119' title='bbox 1281 2168 1406 2233; x_wconf 90' lang='lat' dir='ltr'>suaque</span> 
     </span>
     <span class='ocr_line' id='line_1_17' title="bbox 186 2257 1336 2328; baseline -0.001 -2"><span class='ocrx_word' id='word_1_120' title='bbox 186 2260 260 2327; x_wconf 90' lang='lat' dir='ltr'>iura</span> <span class='ocrx_word' id='word_1_121' title='bbox 282 2299 324 2309; x_wconf 96' lang='lat'><strong>—</strong></span> <span class='ocrx_word' id='word_1_122' title='bbox 349 2279 408 2328; x_wconf 89' lang='lat' dir='ltr'>seu</span> <span class='ocrx_word' id='word_1_123' title='bbox 431 2259 563 2327; x_wconf 82' lang='lat' dir='ltr'>foedere</span> <span class='ocrx_word' id='word_1_124' title='bbox 588 2279 647 2328; x_wconf 89' lang='lat' dir='ltr'>seu</span> <span class='ocrx_word' id='word_1_125' title='bbox 670 2259 955 2326; x_wconf 88' lang='lat' dir='ltr'>senatusconsulto</span> <span class='ocrx_word' id='word_1_126' title='bbox 979 2295 1022 2306; x_wconf 89' lang='lat'><strong>—</strong></span> <span class='ocrx_word' id='word_1_127' title='bbox 1046 2275 1203 2325; x_wconf 89' lang='lat' dir='ltr'>concessa</span> <span class='ocrx_word' id='word_1_128' title='bbox 1225 2257 1336 2326; x_wconf 86' lang='lat' dir='ltr'>fuisse.</span> 
     </span>
    </p>
   </div>
   <div class='ocr_carea' id='block_1_7' title="bbox 346 2385 578 2453">
    <p class='ocr_par' dir='ltr' id='par_1_8' title="bbox 346 2385 578 2453">
     <span class='ocr_line' id='line_1_18' title="bbox 346 2385 578 2453; baseline 0.009 -3"><span class='ocrx_word' id='word_1_129' title='bbox 346 2386 377 2452; x_wconf 90' lang='grc'><strong>3.</strong></span> <span class='ocrx_word' id='word_1_130' title='bbox 412 2385 578 2453; x_wconf 79' lang='lat' dir='ltr'>Insubres.</span> 
     </span>
    </p>
   </div>
   <div class='ocr_carea' id='block_1_8' title="bbox 188 2508 1409 3112">
    <p class='ocr_par' dir='ltr' id='par_1_9' title="bbox 188 2508 1409 3112">
     <span class='ocr_line' id='line_1_19' title="bbox 346 2508 604 2576; baseline 0.016 -4"><span class='ocrx_word' id='word_1_131' title='bbox 346 2511 377 2575; x_wconf 92' lang='grc'>4.</span> <span class='ocrx_word' id='word_1_132' title='bbox 414 2508 604 2576; x_wconf 82' lang='lat' dir='ltr'>Cenomani.</span> 
     </span>
     <span class='ocr_line' id='line_1_20' title="bbox 277 2613 1409 2684; baseline -0.001 -1"><span class='ocrx_word' id='word_1_133' title='bbox 277 2616 428 2684; x_wconf 80' lang='lat' dir='ltr'>Foedera</span> <span class='ocrx_word' id='word_1_134' title='bbox 442 2635 516 2683; x_wconf 90' lang='lat' dir='ltr'>cum</span> <span class='ocrx_word' id='word_1_135' title='bbox 530 2616 723 2684; x_wconf 82' lang='lat' dir='ltr'>Insubribus</span> <span class='ocrx_word' id='word_1_136' title='bbox 747 2622 781 2683; x_wconf 90' lang='lat' dir='ltr'>et</span> <span class='ocrx_word' id='word_1_137' title='bbox 804 2614 1002 2683; x_wconf 79' lang='lat' dir='ltr'>Cenomanis</span> <span class='ocrx_word' id='word_1_138' title='bbox 1025 2620 1140 2682; x_wconf 83' lang='lat' dir='ltr'>extare</span> <span class='ocrx_word' id='word_1_139' title='bbox 1162 2620 1279 2683; x_wconf 89' lang='lat' dir='ltr'>narrat</span> <span class='ocrx_word' id='word_1_140' title='bbox 1294 2613 1409 2682; x_wconf 89' lang='lat' dir='ltr'>Cicero</span> 
     </span>
     <span class='ocr_line' id='line_1_21' title="bbox 188 2719 1408 2809; baseline -0.001 -18"><span class='ocrx_word' id='word_1_141' title='bbox 188 2725 232 2808; x_wconf 88' lang='lat' dir='ltr'>(p.</span> <span class='ocrx_word' id='word_1_142' title='bbox 255 2724 351 2791; x_wconf 90' lang='lat' dir='ltr'>Balb.</span> <span class='ocrx_word' id='word_1_143' title='bbox 375 2724 441 2809; x_wconf 90' lang='grc'><strong>32).</strong></span> <span class='ocrx_word' id='word_1_144' title='bbox 486 2723 608 2791; x_wconf 83' lang='lat' dir='ltr'>Utrum</span> <span class='ocrx_word' id='word_1_145' title='bbox 631 2728 708 2807; x_wconf 90' lang='grc'><strong>6661</strong></span> <span class='ocrx_word' id='word_1_146' title='bbox 730 2723 899 2790; x_wconf 83' lang='lat' dir='ltr'>civitatem</span> <span class='ocrx_word' id='word_1_147' title='bbox 922 2720 1008 2790; x_wconf 87' lang='lat' dir='ltr'>auno</span> <span class='ocrx_word' id='word_1_148' title='bbox 1030 2719 1153 2790; x_wconf 83' lang='grc'><strong>705149</strong></span> <span class='ocrx_word' id='word_1_149' title='bbox 1175 2721 1408 2805; x_wconf 77' lang='lat' dir='ltr'>transpadanis</span> 
     </span>
     <span class='ocr_line' id='line_1_22' title="bbox 190 2828 1408 2917; baseline 0 -20"><span class='ocrx_word' id='word_1_150' title='bbox 190 2829 296 2897; x_wconf 82' lang='lat' dir='ltr'>Gallis</span> <span class='ocrx_word' id='word_1_151' title='bbox 323 2831 436 2898; x_wconf 89' lang='lat' dir='ltr'>datam</span> <span class='ocrx_word' id='word_1_152' title='bbox 471 2831 526 2917; x_wconf 84' lang='lat' dir='ltr'>(D.</span> <span class='ocrx_word' id='word_1_153' title='bbox 556 2828 651 2898; x_wconf 89' lang='lat' dir='ltr'>Cass.</span> <span class='ocrx_word' id='word_1_154' title='bbox 679 2833 733 2912; x_wconf 89' lang='grc'>41,</span> <span class='ocrx_word' id='word_1_155' title='bbox 760 2830 815 2911; x_wconf 90' lang='grc'>36,</span> <span class='ocrx_word' id='word_1_156' title='bbox 843 2831 879 2912; x_wconf 90' lang='grc'><strong>3;</strong></span> <span class='ocrx_word' id='word_1_157' title='bbox 914 2828 1000 2897; x_wconf 77' lang='lat' dir='ltr'>om.</span> <span class='ocrx_word' id='word_1_158' title='bbox 1027 2830 1056 2912; x_wconf 93' lang='lat' dir='ltr'>I,</span> <span class='ocrx_word' id='word_1_159' title='bbox 1083 2848 1115 2896; x_wconf 93' lang='lat' dir='ltr'>n.</span> <span class='ocrx_word' id='word_1_160' title='bbox 1143 2829 1220 2915; x_wconf 81' lang='grc'><strong>205)</strong></span> <span class='ocrx_word' id='word_1_161' title='bbox 1252 2830 1408 2897; x_wconf 89' lang='lat' dir='ltr'>Insubres</span> 
     </span>
     <span class='ocr_line' id='line_1_23' title="bbox 191 2935 1408 3020; baseline -0.001 -17"><span class='ocrx_word' id='word_1_162' title='bbox 191 2942 224 3003; x_wconf 90' lang='grc'>61</span> <span class='ocrx_word' id='word_1_163' title='bbox 247 2935 427 3005; x_wconf 81' lang='lat' dir='ltr'>Cenomani</span> <span class='ocrx_word' id='word_1_164' title='bbox 450 2939 538 3005; x_wconf 85' lang='lat' dir='ltr'>cives</span> <span class='ocrx_word' id='word_1_165' title='bbox 561 2938 703 3005; x_wconf 85' lang='lat' dir='ltr'>Romani</span> <span class='ocrx_word' id='word_1_166' title='bbox 725 2938 806 3005; x_wconf 86' lang='lat' dir='ltr'>facti</span> <span class='ocrx_word' id='word_1_167' title='bbox 828 2937 897 3004; x_wconf 89' lang='lat' dir='ltr'>sint</span> <span class='ocrx_word' id='word_1_168' title='bbox 922 2956 966 3004; x_wconf 91' lang='lat' dir='ltr'>an</span> <span class='ocrx_word' id='word_1_169' title='bbox 993 2937 1155 3005; x_wconf 76' lang='lat' dir='ltr'>foederati</span> <span class='ocrx_word' id='word_1_170' title='bbox 1180 2937 1408 3020; x_wconf 85' lang='lat' dir='ltr'>remanserint,</span> 
     </span>
     <span class='ocr_line' id='line_1_24' title="bbox 190 3063 362 3112; baseline 0.006 -1"><span class='ocrx_word' id='word_1_171' title='bbox 190 3063 362 3112; x_wconf 76' lang='lat' dir='ltr'>nescimus.</span> 
     </span>
    </p>
   </div>
   <div class='ocr_carea' id='block_1_9' title="bbox 190 3188 1412 4275">
    <p class='ocr_par' dir='ltr' id='par_1_10' title="bbox 729 3188 878 3255">
     <span class='ocr_line' id='line_1_25' title="bbox 729 3188 878 3255; baseline 0 0"><span class='ocrx_word' id='word_1_172' title='bbox 729 3188 878 3255; x_wconf 90' lang='lat' dir='ltr'>Sicilia.</span> 
     </span>
    </p>

    <p class='ocr_par' dir='ltr' id='par_1_11' title="bbox 190 3327 1411 3737">
     <span class='ocr_line' id='line_1_26' title="bbox 279 3327 1410 3415; baseline -0.003 -17"><span class='ocrx_word' id='word_1_173' title='bbox 279 3331 409 3399; x_wconf 84' lang='lat' dir='ltr'>Siciliae</span> <span class='ocrx_word' id='word_1_174' title='bbox 437 3334 544 3400; x_wconf 88' lang='lat' dir='ltr'>altera</span> <span class='ocrx_word' id='word_1_175' title='bbox 571 3350 649 3415; x_wconf 86' lang='lat' dir='ltr'>pars</span> <span class='ocrx_word' id='word_1_176' title='bbox 683 3350 770 3399; x_wconf 93' lang='lat' dir='ltr'>anno</span> <span class='ocrx_word' id='word_1_177' title='bbox 804 3328 968 3412; x_wconf 80' lang='grc'><strong>1131241,</strong></span> <span class='ocrx_word' id='word_1_178' title='bbox 1002 3332 1109 3398; x_wconf 90' lang='lat' dir='ltr'>altera</span> <span class='ocrx_word' id='word_1_179' title='bbox 1143 3349 1229 3397; x_wconf 91' lang='lat' dir='ltr'>anno</span> <span class='ocrx_word' id='word_1_180' title='bbox 1263 3327 1410 3398; x_wconf 78' lang='grc'><strong>3441210</strong></span> 
     </span>
     <span class='ocr_line' id='line_1_27' title="bbox 190 3435 1411 3526; baseline -0.002 -20"><span class='ocrx_word' id='word_1_181' title='bbox 190 3441 412 3507; x_wconf 88' lang='lat' dir='ltr'>Romanorum</span> <span class='ocrx_word' id='word_1_182' title='bbox 436 3441 527 3508; x_wconf 85' lang='lat' dir='ltr'>facta</span> <span class='ocrx_word' id='word_1_183' title='bbox 543 3444 595 3507; x_wconf 88' lang='grc'>661</span> <span class='ocrx_word' id='word_1_184' title='bbox 610 3440 828 3526; x_wconf 84' lang='grc'><strong>(1166666611,</strong></span> <span class='ocrx_word' id='word_1_185' title='bbox 853 3438 901 3506; x_wconf 87' lang='lat' dir='ltr'>St.</span> <span class='ocrx_word' id='word_1_186' title='bbox 922 3440 963 3506; x_wconf 91' lang='lat' dir='ltr'>V.</span> <span class='ocrx_word' id='word_1_187' title='bbox 987 3435 1029 3519; x_wconf 65' lang='lat' dir='ltr'>Ii,</span> <span class='ocrx_word' id='word_1_188' title='bbox 1053 3459 1085 3522; x_wconf 91' lang='lat' dir='ltr'>p.</span> <span class='ocrx_word' id='word_1_189' title='bbox 1110 3437 1202 3522; x_wconf 91' lang='grc'><strong>242);</strong></span> <span class='ocrx_word' id='word_1_190' title='bbox 1227 3437 1411 3505; x_wconf 90' lang='lat' dir='ltr'>civitatium</span> 
     </span>
     <span class='ocr_line' id='line_1_28' title="bbox 191 3545 1410 3631; baseline -0.003 -17"><span class='ocrx_word' id='word_1_191' title='bbox 191 3546 374 3615; x_wconf 85' lang='lat' dir='ltr'>Sicularum</span> <span class='ocrx_word' id='word_1_192' title='bbox 406 3552 515 3616; x_wconf 88' lang='lat' dir='ltr'>status</span> <span class='ocrx_word' id='word_1_193' title='bbox 547 3567 651 3631; x_wconf 89' lang='lat' dir='ltr'>usque</span> <span class='ocrx_word' id='word_1_194' title='bbox 683 3547 726 3615; x_wconf 91' lang='lat' dir='ltr'>ad</span> <span class='ocrx_word' id='word_1_195' title='bbox 756 3545 923 3615; x_wconf 88' lang='lat' dir='ltr'>Ciceronis</span> <span class='ocrx_word' id='word_1_196' title='bbox 955 3551 1115 3627; x_wconf 86' lang='lat' dir='ltr'>aetatem,</span> <span class='ocrx_word' id='word_1_197' title='bbox 1148 3546 1204 3627; x_wconf 90' lang='lat' dir='ltr'>qui</span> <span class='ocrx_word' id='word_1_198' title='bbox 1235 3545 1275 3612; x_wconf 94' lang='lat' dir='ltr'>de</span> <span class='ocrx_word' id='word_1_199' title='bbox 1303 3545 1410 3611; x_wconf 90' lang='lat' dir='ltr'>eisin</span> 
     </span>
     <span class='ocr_line' id='line_1_29' title="bbox 190 3653 1195 3737; baseline -0.001 -17"><span class='ocrx_word' id='word_1_200' title='bbox 190 3653 339 3721; x_wconf 88' lang='lat' dir='ltr'>Verrinis</span> <span class='ocrx_word' id='word_1_201' title='bbox 366 3657 530 3737; x_wconf 91' lang='lat' dir='ltr'>permulta</span> <span class='ocrx_word' id='word_1_202' title='bbox 551 3660 677 3737; x_wconf 86' lang='lat' dir='ltr'>narrat,</span> <span class='ocrx_word' id='word_1_203' title='bbox 701 3659 848 3721; x_wconf 89' lang='lat' dir='ltr'>mutatus</span> <span class='ocrx_word' id='word_1_204' title='bbox 872 3673 945 3721; x_wconf 89' lang='lat' dir='ltr'>esse</span> <span class='ocrx_word' id='word_1_205' title='bbox 967 3672 1033 3720; x_wconf 95' lang='lat' dir='ltr'>non</span> <span class='ocrx_word' id='word_1_206' title='bbox 1055 3653 1195 3720; x_wconf 82' lang='lat' dir='ltr'>videtur.</span> 
     </span>
    </p>

    <p class='ocr_par' dir='ltr' id='par_1_12' title="bbox 191 3757 1412 4275">
     <span class='ocr_line' id='line_1_30' title="bbox 279 3757 1411 3844; baseline -0.003 -16"><span class='ocrx_word' id='word_1_207' title='bbox 279 3762 332 3828; x_wconf 92' lang='lat' dir='ltr'>De</span> <span class='ocrx_word' id='word_1_208' title='bbox 359 3766 450 3828; x_wconf 90' lang='lat' dir='ltr'>statu</span> <span class='ocrx_word' id='word_1_209' title='bbox 477 3761 623 3843; x_wconf 80' lang='lat' dir='ltr'>Siciliae,</span> <span class='ocrx_word' id='word_1_210' title='bbox 659 3763 715 3844; x_wconf 95' lang='lat' dir='ltr'>qui</span> <span class='ocrx_word' id='word_1_211' title='bbox 753 3761 815 3828; x_wconf 88' lang='lat' dir='ltr'>fuit</span> <span class='ocrx_word' id='word_1_212' title='bbox 841 3762 916 3828; x_wconf 92' lang='lat' dir='ltr'>inde</span> <span class='ocrx_word' id='word_1_213' title='bbox 952 3761 993 3827; x_wconf 91' lang='lat' dir='ltr'>ab</span> <span class='ocrx_word' id='word_1_214' title='bbox 1027 3759 1150 3827; x_wconf 91' lang='lat' dir='ltr'>ultimis</span> <span class='ocrx_word' id='word_1_215' title='bbox 1187 3759 1224 3826; x_wconf 92' lang='lat' dir='ltr'>C.</span> <span class='ocrx_word' id='word_1_216' title='bbox 1256 3757 1411 3826; x_wconf 88' lang='lat' dir='ltr'>Caesaris</span> 
     </span>
     <span class='ocr_line' id='line_1_31' title="bbox 192 3865 1412 3951; baseline -0.003 -15"><span class='ocrx_word' id='word_1_217' title='bbox 192 3869 297 3950; x_wconf 82' lang='lat' dir='ltr'>annia,</span> <span class='ocrx_word' id='word_1_218' title='bbox 321 3869 418 3951; x_wconf 92' lang='lat' dir='ltr'>plane</span> <span class='ocrx_word' id='word_1_219' title='bbox 441 3870 475 3936; x_wconf 94' lang='lat' dir='ltr'>in</span> <span class='ocrx_word' id='word_1_220' title='bbox 498 3869 646 3936; x_wconf 85' lang='lat' dir='ltr'>diversas</span> <span class='ocrx_word' id='word_1_221' title='bbox 670 3869 852 3935; x_wconf 88' lang='lat' dir='ltr'>sententias</span> <span class='ocrx_word' id='word_1_222' title='bbox 876 3867 1048 3934; x_wconf 90' lang='lat' dir='ltr'>discedunt</span> <span class='ocrx_word' id='word_1_223' title='bbox 1074 3866 1137 3932; x_wconf 89' lang='lat' dir='ltr'>viri</span> <span class='ocrx_word' id='word_1_224' title='bbox 1164 3866 1262 3948; x_wconf 86' lang='lat' dir='ltr'>docti,</span> <span class='ocrx_word' id='word_1_225' title='bbox 1291 3865 1346 3948; x_wconf 90' lang='lat' dir='ltr'>qui</span> <span class='ocrx_word' id='word_1_226' title='bbox 1372 3866 1412 3932; x_wconf 90' lang='lat' dir='ltr'>de</span> 
     </span>
     <span class='ocr_line' id='line_1_32' title="bbox 192 3972 1412 4060; baseline -0.005 -17"><span class='ocrx_word' id='word_1_227' title='bbox 192 3994 231 4043; x_wconf 89' lang='grc'>66</span> <span class='ocrx_word' id='word_1_228' title='bbox 266 3995 302 4042; x_wconf 93' lang='grc'>66</span> <span class='ocrx_word' id='word_1_229' title='bbox 337 3977 552 4059; x_wconf 88' lang='lat' dir='ltr'>seripserunt:</span> <span class='ocrx_word' id='word_1_230' title='bbox 587 3976 770 4042; x_wconf 88' lang='lat' dir='ltr'>Mommsen</span> <span class='ocrx_word' id='word_1_231' title='bbox 805 3974 903 4060; x_wconf 84' lang='lat' dir='ltr'>(CIL.</span> <span class='ocrx_word' id='word_1_232' title='bbox 932 3975 980 4055; x_wconf 91' lang='grc' dir='ltr'>Χ,</span> <span class='ocrx_word' id='word_1_233' title='bbox 1010 3994 1041 4056; x_wconf 92' lang='grc'>6.</span> <span class='ocrx_word' id='word_1_234' title='bbox 1067 3973 1131 4038; x_wconf 91' lang='grc'>713</span> <span class='ocrx_word' id='word_1_235' title='bbox 1154 3972 1254 4056; x_wconf 91' lang='lat' dir='ltr'>sqq.),</span> <span class='ocrx_word' id='word_1_236' title='bbox 1288 3972 1412 4038; x_wconf 91' lang='lat' dir='ltr'>Beloch</span> 
     </span>
     <span class='ocr_line' id='line_1_33' title="bbox 192 4077 1412 4167; baseline -0.005 -17"><span class='ocrx_word' id='word_1_237' title='bbox 192 4082 247 4166; x_wconf 87' lang='lat' dir='ltr'>(D.</span> <span class='ocrx_word' id='word_1_238' title='bbox 271 4083 504 4167; x_wconf 81' lang='lat' dir='ltr'>Bevblkerrmg</span> <span class='ocrx_word' id='word_1_239' title='bbox 527 4083 556 4150; x_wconf 89' lang='lat' dir='ltr'>d.</span> <span class='ocrx_word' id='word_1_240' title='bbox 581 4083 801 4166; x_wconf 74' lang='lat' dir='ltr'>grisam-rom.</span> <span class='ocrx_word' id='word_1_241' title='bbox 824 4082 930 4162; x_wconf 88' lang='lat' dir='ltr'>Welt,</span> <span class='ocrx_word' id='word_1_242' title='bbox 954 4101 986 4163; x_wconf 92' lang='grc'>6.</span> <span class='ocrx_word' id='word_1_243' title='bbox 1010 4080 1075 4145; x_wconf 82' lang='grc'><strong>325</strong></span> <span class='ocrx_word' id='word_1_244' title='bbox 1099 4080 1200 4164; x_wconf 86' lang='lat' dir='ltr'>sqq.),</span> <span class='ocrx_word' id='word_1_245' title='bbox 1230 4077 1336 4145; x_wconf 85' lang='lat' dir='ltr'>Cuntz</span> <span class='ocrx_word' id='word_1_246' title='bbox 1361 4078 1412 4163; x_wconf 83' lang='lat' dir='ltr'>(de</span> 
     </span>
     <span class='ocr_line' id='line_1_34' title="bbox 191 4186 1279 4275; baseline -0.004 -20"><span class='ocrx_word' id='word_1_247' title='bbox 191 4189 279 4274; x_wconf 84' lang='lat' dir='ltr'>Aug.</span> <span class='ocrx_word' id='word_1_248' title='bbox 303 4190 402 4257; x_wconf 91' lang='lat' dir='ltr'>Plinii</span> <span class='ocrx_word' id='word_1_249' title='bbox 424 4209 535 4275; x_wconf 83' lang='lat' dir='ltr'>geogr.</span> <span class='ocrx_word' id='word_1_250' title='bbox 560 4195 659 4272; x_wconf 88' lang='grc'><strong>6661,</strong></span> <span class='ocrx_word' id='word_1_251' title='bbox 683 4189 760 4256; x_wconf 86' lang='lat' dir='ltr'>diss.</span> <span class='ocrx_word' id='word_1_252' title='bbox 784 4190 894 4272; x_wconf 85' lang='lat' dir='ltr'>inaug.</span> <span class='ocrx_word' id='word_1_253' title='bbox 918 4189 1037 4268; x_wconf 75' lang='lat' dir='ltr'>Bonn,</span> <span class='ocrx_word' id='word_1_254' title='bbox 1061 4208 1092 4269; x_wconf 89' lang='lat' dir='ltr'>p.</span> <span class='ocrx_word' id='word_1_255' title='bbox 1116 4186 1160 4251; x_wconf 87' lang='lat'>30</span> <span class='ocrx_word' id='word_1_256' title='bbox 1183 4186 1279 4269; x_wconf 89' lang='grc'><strong>666).</strong></span> 
     </span>
    </p>
   </div>
   <div class='ocr_carea' id='block_1_10' title="bbox 192 4291 1413 4481">
    <p class='ocr_par' dir='ltr' id='par_1_13' title="bbox 192 4291 1413 4481">
     <span class='ocr_line' id='line_1_35' title="bbox 280 4291 1413 4391; baseline -0.005 -29"><span class='ocrx_word' id='word_1_257' title='bbox 280 4295 393 4380; x_wconf 82' lang='lat' dir='ltr'>Atque</span> <span class='ocrx_word' id='word_1_258' title='bbox 428 4298 461 4363; x_wconf 93' lang='lat' dir='ltr'>in</span> <span class='ocrx_word' id='word_1_259' title='bbox 499 4298 558 4364; x_wconf 91' lang='lat' dir='ltr'>tali</span> <span class='ocrx_word' id='word_1_260' title='bbox 596 4297 819 4379; x_wconf 81' lang='lat' dir='ltr'>discrepantia</span> <span class='ocrx_word' id='word_1_261' title='bbox 855 4294 1000 4391; x_wconf 86' lang='lat' dir='ltr'>virorum</span> <span class='ocrx_word' id='word_1_262' title='bbox 1039 4294 1225 4374; x_wconf 90' lang='lat' dir='ltr'>doctorum,</span> <span class='ocrx_word' id='word_1_263' title='bbox 1265 4310 1339 4357; x_wconf 92' lang='lat' dir='ltr'>eum</span> <span class='ocrx_word' id='word_1_264' title='bbox 1373 4291 1413 4358; x_wconf 92' lang='lat' dir='ltr'>de</span> 
     </span>
     <span class='ocr_line' id='line_1_36' title="bbox 192 4397 1412 4481; baseline -0.007 -10"><span class='ocrx_word' id='word_1_265' title='bbox 192 4406 256 4471; x_wconf 89' lang='lat' dir='ltr'>hae</span> <span class='ocrx_word' id='word_1_266' title='bbox 278 4423 314 4469; x_wconf 92' lang='grc'>66</span> <span class='ocrx_word' id='word_1_267' title='bbox 336 4404 551 4471; x_wconf 87' lang='lat' dir='ltr'>vexatissima</span> <span class='ocrx_word' id='word_1_268' title='bbox 574 4404 654 4470; x_wconf 93' lang='lat' dir='ltr'>nihil</span> <span class='ocrx_word' id='word_1_269' title='bbox 676 4403 754 4470; x_wconf 81' lang='lat' dir='ltr'>nori</span> <span class='ocrx_word' id='word_1_270' title='bbox 777 4401 893 4469; x_wconf 80' lang='lat' dir='ltr'>afferre</span> <span class='ocrx_word' id='word_1_271' title='bbox 920 4400 1034 4481; x_wconf 90' lang='lat' dir='ltr'>sciam,</span> <span class='ocrx_word' id='word_1_272' title='bbox 1059 4398 1180 4466; x_wconf 83' lang='lat' dir='ltr'>Cuntai</span> <span class='ocrx_word' id='word_1_273' title='bbox 1202 4397 1412 4478; x_wconf 85' lang='lat' dir='ltr'>sententiam,</span> 
     </span>
    </p>
   </div>
   <div class='ocr_carea' id='block_1_11' title="bbox 0 0 1603 4860">
    <p class='ocr_par' dir='ltr' id='par_1_14' title="bbox 0 0 1603 4860">
     <span class='ocr_line' id='line_1_37' title="bbox 0 0 1603 4860; baseline 0 0"><span class='ocrx_word' id='word_1_274' title='bbox 0 0 1603 4860; x_wconf 95' lang='lat' dir='ltr'> </span> 
     </span>
    </p>
   </div>
  </div>
 </body>
</html>
