3174 4860
606 214 826 279 ..79-

105 412 343 492 Romanorum,
378 409 515 492 triginta
538 409 658 492 oppida
680 410 798 492 libem,
834 428 972 492 quorum
1002 409 1144 475 omnium
1173 429 1325 477 numeros

106 516 459 604 §§29l301audavit‚
495 515 536 602 ξ)
561 517 693 581 22-30
720 517 794 598 ipsa
817 517 942 599 attulit3
978 535 1055 582 nam
1090 535 1130 582 ea
1163 518 1325 600 quaestio,

105 644 190 709 quae
214 625 253 691 de
276 629 416 706 utraque
440 643 535 690 voce:
561 622 717 706 ‘Sigense’
743 624 856 706 oritur,
880 624 929 690 ita
945 624 1102 690 solvenda
1123 624 1264 706 videtur,
1287 629 1325 690 ut

105 734 245 798 alterum
264 730 421 814 ‘Sigense'
444 735 594 813 respecto
617 731 731 797 ordine
755 722 961 813 alphabetico
985 735 1131 797 mutetur
1154 750 1227 797 oum
1242 732 1324 798 Wil-

104 839 253 905 mannsio
278 837 379 924 (CIL.
403 838 497 919 VHI,
526 858 556 920 p.
582 836 639 923 21)
667 837 716 904 in:
754 838 927 922 ‘'ligense',
961 838 1101 903 alterum
1125 838 1326 921 cognominis

103 948 175 1012 loco
200 946 318 1028 oppido
333 945 481 1027 Vagensi
496 949 692 1027 apponatur,
716 947 802 1027 quod
818 945 958 1012 discerni
975 946 1150 1027 oportebat
1163 946 1203 1012 de
1219 947 1327 1012 altera

103 1055 210 1137 Vaga,
236 1053 354 1135 oppido
379 1052 498 1118 civium
521 1053 745 1118 Romanorum
769 1051 803 1138 (ξ
829 1052 896 1136 29).

64 1205 68 1214 ·
192 1160 251 1225 Eis
268 1179 397 1243 quoque
413 1159 540 1242 oppidis
556 1159 741 1241 maritimis,
758 1178 843 1241 quae
858 1160 1070 1226 nominantur
1086 1159 1104 1246 ξ
1122 1159 1324 1241 251neunte,

34 1352 35 1355 Ἴ
103 1268 265 1334 univorsis
292 1267 368 1332 inde
392 1285 413 1331 a
436 1266 535 1349 Lepti
562 1286 665 1349 usque
696 1267 739 1366 ad
762 1265 939 1333 Sabratam
966 1267 1153 1333 libertatem
1182 1267 1325 1333 tribuere

104 1393 164 1440 nos
189 1378 318 1456 oportet
342 1372 504 1439 Ountnum
528 1372 563 1458 (l.
586 1375 607 1439 l.
632 1395 663 1456 p.
688 1373 743 1457 41)
767 1378 914 1456 secutos,
942 1374 976 1440 id
1000 1373 1086 1455 quod
1110 1394 1150 1440 ex
1172 1374 1223 1440 his
1247 1374 1325 1440 solis

105 1480 203 1546 Plinii
225 1481 334 1559 verbis
358 1480 545 1564 ambiguum
569 1485 630 1550 est.

192 1585 301 1654 Aliter
323 1587 531 1654 iudicandum
554 1587 685 1653 videtur
707 1587 747 1654 de
771 1586 900 1654 Castris
925 1586 1085 1654 Oomeliis
1110 1586 1143 1674 (ξ
1168 1585 1235 1674 29).

193 1694 269 1760 Iure
293 1694 399 1761 Ountz
423 1694 469 1779 (p.
493 1693 551 1780 41)
575 1695 724 1777 miratur,
749 1695 910 1777 quomodo
934 1696 1058 1761 factum
1083 1696 1141 1776 sit,
1164 1700 1203 1761 ut
1225 1714 1325 1762 unum

106 1802 258 1884 oppidum
274 1802 522 1884 stipendiarium
539 1807 655 1868 contra
669 1802 770 1868 Plinii
786 1803 1054 1868 consuetudinem
1071 1806 1327 1885 anteponeretur

105 1909 292 1975 civitatibus
315 1909 437 1991 liberis,
461 1909 594 1975 meliore
619 1910 807 1976 condicione
831 1910 1010 1991 utentibus,
1033 1910 1229 1992 praesertim
1252 1929 1326 1976 oum

96 2017 159 2108 ‘rix
183 2017 321 2100 cogitari
354 2017 460 2100 possit
482 2036 582 2084 unam
616 2017 650 2083 in
686 2022 759 2084 tota
793 2018 964 2100 provincia
986 2017 1104 2084 Alrica
1131 2022 1201 2083 tum
1224 2017 1326 2084 fuisse

103 2124 271 2191 civitatem
299 2125 557 2207 stipendiariam.
603 2125 721 2208 Itaque
750 2144 790 2191 ea
817 2125 857 2192 de
892 2144 1008 2207 causa,
1044 2124 1130 2207 quod
1164 2126 1325 2192 hocloco

102 2232 220 2298 civitas
241 2232 430 2314 requiritur,
455 2250 539 2314 quae
562 2232 695 2298 meliore
719 2233 908 2299 condicione
930 2237 1045 2299 utatur
1068 2251 1166 2315 quam
1192 2232 1325 2314 liberae,

81 2341 84 2346 ’
102 2339 264 2405 deteriore
276 2358 374 2422 quam
386 2339 538 2421 Latinae,
550 2359 609 2422 pro
621 2332 890 2422 ‘stipendiarium'
903 2340 1127 2422 accipiendum
1139 2340 1325 2422 proposuit:

101 2446 337 2512 ‘foederatum'.
378 2442 473 2528 Quod
489 2466 597 2513 cume
621 2467 657 2512 re
679 2447 956 2532 palaeographica
979 2447 1149 2530 explanari
1171 2451 1324 2529 nequeat,

101 2554 247 2635 spuriam
269 2555 443 2620 lectionem
466 2554 566 2620 Plinii
587 2554 715 2620 incuria
738 2559 846 2620 ortam
869 2574 942 2621 esse
966 2554 1095 2621 conicit.

188 2661 283 2726 Haec
292 2661 475 2742 explicandi
483 2661 569 2727 ratic
582 2661 670 2727 haud
682 2660 749 2727 scio
761 2680 804 2728 an
813 2662 909 2728 nimis
917 2661 1097 2728 artificiosa
1110 2664 1174 2744 est3
1188 2661 1325 2743 accedit,

101 2768 187 2850 quod
202 2768 236 2833 in
252 2769 403 2851 catalogo
419 2768 548 2834 urbium
563 2767 788 2850 Hispanamm
805 2767 904 2854 (Plin.
921 2788 952 2837 n.
969 2770 1080 2850 1.]11,
1098 2770 1141 2851 7),
1165 2769 1221 2851 qui
1236 2770 1325 2834 solus

101 2877 248 2957 exemplo
272 2895 344 2940 esse
367 2880 493 2958 potest,
527 2877 716 2943 foederatae
743 2877 895 2943 civitates
923 2877 1044 2944 liberas
1072 2877 1324 2959 subsequuntur.

99 2983 203 3048 Immo
227 3002 306 3049 vero
329 2983 409 3049 mihi
432 2983 474 3049 ad
489 2984 684 3051 Mommseni
700 2984 897 3050 sententiam
914 2983 977 3065 (St.
990 2984 1030 3051 R.
1042 2983 1106 3066 III,
1131 2983 1209 3068 685)
1232 3002 1325 3049 acce·

100 3089 239 3156 dendum
255 3090 395 3171 ridetur,
416 3090 471 3171 qui
487 3091 529 3156 ad
545 3091 659 3157 verba:
678 3091 842 3174 ‘oppidum
858 3091 1106 3173 stipendiarium
1121 3091 1232 3157 unum’
1249 3092 1324 3157 sub·

102 3196 296 3263 audiendum
313 3202 439 3263 censet:
454 3198 642 3281 ‘Latinum',
660 3200 799 3264 alterum
811 3198 925 3264 Latini
940 3198 1020 3265 iuris
1035 3199 1178 3265 immune
1189 3199 1323 3265 iudicat.

187 3304 240 3369 De
264 3305 456 3388 corrigendo
480 3305 624 3371 nomine:
655 3305 787 3372 ‘Arina’
813 3304 846 3391 (ξ
871 3304 929 3389 30)
952 3305 1000 3372 in:
1025 3305 1166 3372 ‘Avitta'
1191 3304 1324 3390 (Ountz,

98 3431 131 3493 p.
148 3410 201 3492 40,
227 3429 256 3477 a.
273 3410 320 3495 4),
344 3413 385 3478 de
407 3402 572 3478 mutando
585 3411 618 3498 (ξ
637 3411 704 3496 30).
742 3413 994 3479 ‘Abniritanum'
1018 3413 1052 3480 in
1068 3413 1323 3480 ‘Abbiritanum'

100 3515 233 3600 (Ountz,
256 3538 288 3600 p.
312 3518 366 3600 40,
391 3538 421 3585 a.
445 3519 490 3603 5),
514 3537 579 3584 non
603 3520 708 3585 habeo
733 3520 819 3601 quod
843 3539 1016 3602 opponam.

189 3624 263 3689 Iam
286 3625 328 3691 ad
352 3626 481 3708 singula
505 3631 724 3693 transeamus.

263 3768 292 3833 1.
329 3767 444 3835 Abbir.

190 3893 321 3976 ‘oppida
331 3892 445 3974 libera,
459 3913 499 3959 ex
511 3895 628 3976 quibus
640 3931 684 3940 -—
696 3895 929 3961 Abbiritanum
938 3897 973 3974 1)’
994 3896 1095 3981 (Plin.
1108 3917 1140 3962 n.
1158 3899 1190 3964 h.
1200 3899 1242 3979 V,
1255 3897 1324 3982 30).

101 3998 141 4062 ln
164 3999 258 4066 titulo
283 3999 384 4085 (OHr.
408 4000 503 4081 VHI,
527 4001 592 4064 814
606 4000 683 4067 :S
706 4000 834 4086 12344)
853 4002 1007 4084 oppidum
1029 4009 1183 4070 vocatur:
1209 4005 1323 4070 ‘muni-

102 4104 221 4186 cipium
243 4107 362 4174 lulium
384 4106 629 4189 Philippianum
644 4108 751 4174 Abbir
767 4108 941 4192 Cellense'3
965 4111 1040 4177 inde
1063 4111 1203 4178 efficitur
1218 4111 1325 4178 Abbir

101 4212 268 4295 municipii
289 4215 341 4279 ius
365 4214 532 4296 accepisse
555 4215 644 4286 intra
667 4235 770 4284 annos
795 4216 860 4281 244
884 4221 917 4283 et
940 4217 1015 4284 249.

173 4369 194 4442 ¹)
211 4387 236 4427 r.
256 4387 349 4446 supra.
