3174 4860
677 226 898 292 „69-

178 423 233 506 agi
255 422 399 501 videtur,
428 422 566 486 alteram
590 418 709 504 (CICr.
735 419 847 505 6621),
871 438 937 501 qua
960 438 1073 485 aeram
1097 419 1138 485 ab
1162 437 1248 485 anno
1274 415 1396 485 718136

177 530 332 611 incipere,
349 531 489 594 alteram
507 528 720 611 (Latysohev,
736 527 834 592 inscr.
851 547 877 593 3.
894 529 914 592 1.
931 527 959 608 I,
975 546 1006 592 n.
1027 525 1115 612 199),
1132 545 1197 607 qua
1212 526 1398 592 libertatem

179 636 220 701 ab
243 634 397 717 Augusto
421 638 487 699 uon
510 638 678 699 servatam
702 652 774 698 esse
797 633 979 699 edocemur.
1013 631 1106 714 Quae
1129 633 1290 714 quomodo
1313 633 1399 697 inter

178 761 213 807 se
237 740 482 824 coniungendae
504 739 689 820 videantur,
713 759 799 805 nunc
823 740 1051 822 explicandum
1075 745 1135 806 est.

269 847 394 913 Aeram
410 847 500 912 urbis
517 865 537 911 a
553 846 706 911 libertate
722 846 803 911 data
817 846 982 927 incohare,
1000 865 1197 928 quamquam
1218 865 1282 910 non
1298 850 1400 925 certa,

180 960 291 1021 tamen
314 953 403 1020 haud
430 953 655 1034 improbabilis
684 956 736 1018 est
759 952 933 1018 sententia.
979 953 1108 1034 Itaque,
1133 953 1291 1035 siquidem
1315 970 1400 1017 anno

181 1058 583 1139 Ι716136611313011031133
610 1059 730 1124 liberos
758 1059 865 1124 iussos
891 1064 1156 1141 3330033313,
1190 1060 1247 1125 vix
1273 1060 1313 1125 de
1337 1059 1401 1124 alio

180 1170 262 1235 duce
285 1169 435 1233 Romano
466 1184 505 1231 ac
528 1166 568 1231 de
590 1165 636 1230 M.
660 1163 808 1231 Antonio
838 1166 1008 1231 triumviro
1033 1167 1172 1249 cogitari
1193 1171 1318 1248 potest,
1347 1166 1403 1247 qui

181 1281 251 1341 tum
268 1273 397 1340 Orienti
418 1279 583 1355 praeerat.
614 1275 714 1339 Hunc
728 1273 830 1338 Ponti
853 1278 887 1339 et
901 1274 994 1356 regni
1010 1274 1197 1356 Bosporani
1213 1274 1309 1339 rebus
1326 1292 1401 1338 con-

181 1381 321 1448 suluisse
336 1384 469 1463 praeter
483 1381 529 1446 M.
545 1380 685 1446 Antonii
699 1380 898 1461 Polemonia,
915 1380 1016 1445 Ponti
1030 1381 1128 1463 regis,
1152 1400 1270 1446 nomen
1286 1381 1405 1446 docent

182 1488 305 1554 nummi
328 1487 486 1568 Asandri,
509 1486 698 1569 Bosporani
720 1488 818 1569 regis,
843 1487 898 1568 qui
920 1485 1060 1552 Antonii
1082 1488 1222 1570 effigiem
1245 1488 1405 1570 praebent

184 1595 397 1680 (Latysohev,
421 1594 519 1659 111331.
544 1613 571 1659 3.
595 1595 615 1659 1.
640 1595 685 1674 Π,
709 1615 740 1676 p.
756 1593 949 1678 XXXVII).
995 1595 1114 1677 Itaque
1137 1595 1166 1660 si
1189 1595 1230 1660 ab
1246 1594 1404 1675 Antonio,

183 1722 256 1768 cum
271 1701 476 1783 Bosporanis
492 1701 589 1766 rebus
605 1700 818 1782 prospiceret,
833 1699 1074 1766 Chersonesitis
1089 1702 1276 1767 libertatem
1293 1702 1405 1766 datam

183 1830 255 1877 esse
280 1809 488 1889 3011313313,
513 1826 534 1873 3
556 1827 635 1874 voro
659 1827 724 1873 non
748 1809 903 1874 aberrare
919 1808 1110 1875 videbimur.
1156 1808 1296 1874 Accedit
1320 1807 1406 1889 quod

183 1917 297 1984 eodem
321 1935 406 1982 anno
432 1913 586 2000 (716136)
610 1915 745 2007 Polemo
771 1916 811 1980 ab
835 1915 982 1982 Antonio
998 1916 1099 1981 Ponti
1121 1935 1179 1982 rex
1202 1917 1310 1982 sactus
1334 1934 1406 1981 esse

181 2024 313 2090 videtur
336 2021 512 2108 (3631131,
536 2023 640 2087 Beitr.
665 2042 692 2088 u.
711 2022 831 2088 Ceseh.
856 2044 887 2089 u.
904 2025 1065 2090 Numism.
1089 2021 1405 2105 3111131633.

182 2132 378 2213 Βο3001.3.
404 2129 595 2210 11.Ρο11103,
620 2150 651 2211 p.
676 2130 733 2209 343
758 2150 790 2212 p.
815 2130 868 2211 59,
893 2150 922 2195 a.
949 2130 1035 2214 101).

273 2236 437 2303 Rescissis
460 2240 537 2317 post
559 2235 699 2300 Antonii
721 2240 861 2301 mortem
886 2237 954 2302 eius
978 2237 1062 2302 actis
1085 2237 1152 2301 iam
1169 2235 1296 2303 Caesar
1310 2238 1406 2318 filius,

185 2364 258 2410 cum
283 2342 428 2409 Orientis
453 2361 505 2407 res
529 2361 643 2407 rursus
668 2342 850 2423 ordinaret,
873 2362 938 2408 non
961 2343 1120 2424 habebat,
1145 2363 1202 2408 cur
1224 2345 1409 2409 Heracleae

184 2453 371 2517 libertatem
388 2450 429 2515 ab
445 2448 593 2514 Antonio
611 2448 723 2514 datam
739 2454 903 2532 servaret,
927 2450 1025 2514 immo
1042 2469 1120 2515 vero
1137 2469 1193 2515 eos
1205 2451 1408 2533 Bosporanis

186 2559 318 2641 regibus
335 2558 439 2622 denuo
457 2556 635 2622 subiecisse
650 2556 790 2622 videtur.
824 2555 971 2638 Quocum
988 2558 1109 2639 optime
1125 2559 1289 2638 quadrant
1308 2558 1411 2624 verba

185 2665 274 2730 tituli
289 2664 468 2743 Aristonis
493 2663 573 2728 civis
592 2662 863 2730 Chersonesitani
879 2664 1092 2748 (Latyschev,
1108 2665 1206 2730 inser.
1224 2664 1311 2748 3.1.).
1343 2666 1409 2730 Η13

187 2771 273 2836 enim
285 2770 327 2836 ad
339 2769 529 2853 Augustum
552 2777 714 2856 (Σεβαστόν)
746 2771 866 2836 miSSUS
880 2776 931 2837 661
946 2779 1012 2858 ὑπὲρ
1034 2783 1082 2845 τᾶς
1097 2779 1261 2858 ἐλευθερίας,
1274 2771 1410 2851 86111661,

188 2882 226 2943 ut
248 2877 435 2943 libertatem
465 2877 511 2942 eis
536 2895 670 2943 servare
694 2881 883 2959 conaretur,
919 2897 1023 2960 neque
1047 2883 1158 2943 tamen
1185 2877 1232 2959 id,
1269 2878 1355 2959 quod
1377 2878 1411 2942 in

192 2985 301 3050 animo
316 2983 470 3064 habebat,
483 2983 630 3065 perfecit,
647 2984 705 3050 sed
718 2983 757 3049 de
770 3003 805 3049 re
818 2984 995 3066 desperans
1011 2993 1239 3070 (aaroppptvw)
1251 2984 1412 3050 discessit.

280 3089 376 3172 Quod
398 3091 532 3156 sirecte
549 3091 736 3171 statuimus
762 3090 987 3157 Chersonesus
1003 3093 1168 3158 Heraclea
1185 3111 1270 3157 anno
1289 3083 1412 3157 118136

191 3199 232 3264 ab
249 3197 397 3263 Antonio
421 3197 456 3262 in
470 3197 658 3262 libertatem
673 3197 842 3263 vindicata
864 3199 962 3280 patulo
986 3203 1063 3281 post
1078 3218 1221 3282 pugnam
1237 3198 1413 3264 Actiacam

191 3324 264 3370 eam
303 3304 428 3385 amisit3
473 3303 559 3386 quod
594 3323 657 3385 quo
698 3322 784 3369 anno
818 3305 943 3371 factum
978 3305 1035 3387 sit,
1074 3306 1273 3388 ignoramus.
1320 3304 1412 3371 Stra·

192 3412 308 3476 bouem
332 3411 372 3477 de
395 3411 446 3476 his
471 3411 568 3476 rebus
592 3411 681 3476 intra
703 3430 843 3493 parvum
866 3413 1023 3494 temporis
1042 3413 1185 3494 spatium
1208 3412 1345 3478 mutatis
1368 3412 1414 3476 nil

192 3536 447 3584 commemorare
469 3517 588 3582 mirum
616 3537 681 3582 non
705 3522 770 3600 est3
805 3519 918 3600 itaque
943 3538 982 3584 ea
1005 3539 1041 3584 re
1068 3519 1119 3584 vis
1143 3520 1212 3585 eius
1240 3520 1414 3585 verborum

192 3625 234 3710 (v.
265 3641 366 3705 supra
392 3645 424 3706 p.
450 3624 504 3708 66)
537 3643 602 3689 non
630 3624 827 3706 infringitur.
875 3624 973 3692 Circa
1002 3644 1177 3708 annump.
1203 3626 1414 3707 6111367,

191 3731 225 3797 id
259 3730 346 3812 quod
380 3749 480 3812 supra
515 3730 558 3815 (p.
583 3731 638 3815 67)
667 3731 807 3813 probare
835 3732 959 3813 313101,
994 3733 1160 3799 Η3133103
1190 3732 1415 3799 Chersonesus

192 3838 296 3903 libera
312 3856 384 3903 esse
399 3837 490 3902 iussa
502 3837 689 3902 libertatem
701 3838 846 3919 retinuit,
864 3843 1022 3919 quantum
1034 3858 1094 3904 nos
1108 3840 1238 3920 scimus,
1254 3858 1358 3920 usque
1374 3839 1417 3905 ad

194 3944 404 4011 Constantini
414 3943 528 4025 Magni
538 3947 683 4008 aetatem
695 3942 824 4021 (Coust.
835 3943 958 4026 Porph.
972 3946 1011 4010 de
1022 3945 1107 4011 adm.
1120 3946 1196 4028 imp.
1208 3967 1239 4028 p.
1254 3945 1415 4014 aeolum:

193 4050 351 4137 Bekker),
375 4069 584 4132 quamquam,
601 4068 686 4130 quae
710 4050 754 4116 sit
777 4070 816 4117 ea
840 4056 951 4117 aetate
973 4053 1109 4118 libertas
1133 4053 1316 4118 civitatium
1338 4053 1416 4130 libe·

194 4178 315 4239 rarum,
339 4158 554 4224 manifestum
572 4157 610 4221 fit
626 4156 736 4222 eodem
754 4158 840 4238 1000;
865 4177 941 4223 nam
957 4159 1065 4241 pergit
1082 4158 1319 4225 Constantinus
1335 4158 1418 4239 Por·

193 4265 430 4350 phyrogenitus
452 4264 715 4344 ChersonesitaS,
741 4282 813 4330 cum
838 4265 885 4356 eis
906 4266 1042 4331 libertas
1065 4265 1318 4353 immunitasque
1343 4284 1418 4331 con·

195 4371 375 4452 cederetur,
400 4389 440 4436 ea
455 4369 529 4452 ipsa
551 4391 587 4435 rc
608 4378 735 4456 γνησίους
755 4375 893 4457 ὑπηκόους
912 4373 1024 4455 populi
1039 4371 1180 4438 Romani
1202 4372 1311 4461 133103
1333 4391 1416 4450 0333.
