3174 4860
680 229 901 291 -46-

181 421 249 504 puli
271 421 412 488 Romani
435 425 598 488 steterunt
621 418 714 506 (155.
740 439 815 487 555.
839 419 903 502 ΠΙ,
921 417 989 505 62).
1025 419 1124 486 Certe
1139 420 1314 503 Magnetes
1337 435 1403 487 non

180 529 268 596 inter
283 547 338 595 eos
350 529 492 611 fuerunt,
516 530 582 611 qui,
605 527 691 612 quod
706 527 865 594 Antiochi
877 532 990 610 partes
1007 528 1112 594 secuti
1125 530 1246 609 555551,
1261 525 1404 593 Eumeni

181 636 410 702 tribuebantur
432 654 518 703 anno
535 633 696 717 566l1883
720 653 794 700 cum
817 635 917 702 51155
932 634 1167 701 Mithradatico
1190 633 1296 716 primo
1319 633 1405 700 bello

184 761 206 809 a
227 741 385 809 Romanis
409 741 581 808 stetissent
614 739 706 827 (555
727 748 895 829 συμμαχίας,
917 760 983 807 555
1007 743 1122 824 55551,
1150 760 1224 807 555
1246 741 1409 808 Romanis

184 846 360 934 fecerant),
388 848 525 915 libertas
549 849 595 914 eis
620 848 814 914 confirmata
837 854 889 914 est
923 847 1025 933 (App.
1048 847 1161 915 Mithr.
1186 847 1243 931 613
1279 847 1404 916 55551.

181 975 210 1037 p.
225 955 268 1018 42
281 975 312 1020 n.
328 954 394 1041 12).
410 957 486 1021 Hoc
498 955 691 1037 exprimitur
701 954 798 1021 huius
810 955 898 1022 tituli
909 955 1033 1021 verbis:
1046 961 1206 1040 epatisen<
1217 954 1406 1022 aRcmanis

181 1067 316 1144 propter
349 1061 425 1127 belli
459 1062 651 1143 societatem
687 1061 727 1128 de
756 1066 954 1128 conservata
981 1061 1134 1129 libertate
1158 1080 1258 1144 saepe
1281 1061 1405 1129 eisdem

180 1169 289 1235 verbis
301 1174 467 1250 narratur,
482 1173 521 1234 ut
532 1187 553 1235 a
563 1168 660 1236 Livio
672 1167 741 1253 (38,
757 1167 815 1234 39;
827 1169 861 1234 15
878 1168 1152 1252 omnipraecipuo
1164 1170 1288 1236 honore
1299 1169 1406 1235 habu·

180 1279 277 1343 erunt
289 1303 326 1332 =
336 1276 409 1346 Pol.
423 1276 462 1340 21
476 1274 535 1361 48)
547 1279 612 1342 515
622 1274 784 1342 Strabone
806 1274 900 1361 (XII,
913 1276 944 1357 8,
956 1295 987 1358 p.
1001 1274 1080 1342 576:
1099 1280 1235 1361 Ῥωμαῖοι
1248 1281 1406 1364 δ’ἐτίμησαν

184 1391 233 1469 τὴν
254 1390 331 1452 πόλιν
352 1381 539 1470 (Cyzicum)
562 1389 607 1452 καὶ
627 1392 696 1450 ἔστιν
717 1389 850 1469 ἐλευθέρα
871 1391 952 1471 μέχρι
972 1390 1039 1468 νῦν).

339 1535 392 1601 20.
427 1532 545 1602 Samus
570 1535 679 1602 5121.
713 1533 863 1602 Priene*.

270 1653 324 1719 De
346 1649 527 1733 discordiis
551 1670 636 1733 quae
658 1655 754 1717 erant
774 1651 863 1717 inter
882 1649 1011 1718 Samios
1034 1654 1069 1717 et
1082 1650 1290 1734 Prienenses,
1314 1666 1403 1719 anno

181 1757 328 1827 6191135
350 1758 505 1825 15515155
527 1758 604 1825 tulit
626 1761 761 1825 senatus
784 1757 954 1824 Romanus
988 1756 1157 1843 (Viereck,
1182 1776 1208 1825 s.
1232 1777 1264 1841 g.
1288 1777 1321 1840 p.
1346 1758 1401 1842 21,

180 1885 211 1933 5.
238 1864 304 1951 14).
351 1866 444 1932 Tunc
466 1863 568 1932 Samii
603 1868 637 1931 et
658 1865 856 1932 Prienenses
889 1865 983 1931 liberi
1016 1865 1118 1932 luisse
1152 1884 1258 1948 neque
1280 1865 1401 1933 Attalo

179 1971 329 2056 paruisse
351 1973 517 2056 videntum
540 1973 637 2040 huius
661 1972 757 2056 enim,
780 1991 846 2038 non
868 1971 1092 2040 Romanorum
1114 1972 1232 2039 inisset
1253 1972 1401 2040 iudicare

180 2080 220 2147 de
244 2080 414 2148 discordiis
438 2098 551 2147 earum
573 2080 711 2147 urbium.
773 2101 774 2104 ¹

268 2189 321 2256 De
342 2188 570 2255 Prienensium
591 2188 745 2254 libertate
768 2187 813 2253 nil
835 2190 1009 2269 praeterea
1031 2186 1162 2252 scimus.

269 2292 372 2361 Samii
390 2295 577 2362 libertatem
592 2296 697 2378 primo
712 2295 796 2361 bello
811 2293 1046 2361 Mithradatico
1063 2293 1213 2362 amisisse
1228 2294 1398 2379 videntum

179 2402 353 2486 Augustus
376 2420 462 2470 auno
487 2399 610 2469 784120
632 2402 678 2469 151
692 2405 841 2468 moratus
857 2420 930 2468 eam
945 2401 1088 2468 reddidit
1098 2400 1156 2486 (D.
1171 2398 1265 2468 Cass.
1279 2400 1334 2484 54,
1347 2400 1398 2488 9);

181 2510 317 2577 liberam
341 2508 476 2576 Samum
498 2512 597 2576 vocat
619 2508 747 2575 Plinius
771 2509 816 2594 (n.
841 2509 874 2574 h.
897 2509 939 2590 V,
958 2506 1045 2593 135).
1389 2574 1391 2578 ,

270 2616 407 2684 Colonia
433 2620 574 2683 vocatur
596 2615 714 2683 Samus
737 2617 771 2682 in
793 2615 1006 2698 inscriptione
1040 2615 1209 2701 (Visoher‚
1236 2616 1282 2680 kl.
1306 2614 1399 2682 Schr.

178 2725 224 2807 Π,
237 2745 267 2809 p.
288 2722 375 2806 155),
391 2742 475 2805 5555
488 2722 531 2789 55
541 2722 688 2806 Augusti
699 2728 850 2806 tempora
861 2722 1034 2788 referenda
1048 2721 1179 2788 videtur
1191 2720 1398 2807 (Mommsen,

179 2851 204 2898 r.
222 2851 254 2916 g.
272 2832 301 2899 d.
318 2829 433 2915 Aug.²,
456 2851 487 2914 p.
505 2831 559 2913 96,
575 2851 606 2898 a.
625 2832 669 2916 1).
705 2829 770 2897 Sed
793 2848 867 2896 cum
889 2849 955 2896 vox
978 2830 1106 2896 colonia
1128 2829 1258 2912 graecis
1280 2828 1399 2896 litteris

181 2940 350 3023 scriptain
363 2958 484 3022 graeca
494 2938 707 3021 inscriptione
720 2941 882 3019 occurrat,
894 2937 983 3004 haud
994 2936 1114 3003 iniuria
1122 2937 1306 3003 Mommsen
1318 2938 1352 3021 (l.
1364 2935 1399 3022 1.)

182 3047 355 3128 dubitavit,
378 3065 456 3112 num
472 3065 590 3112 revera
608 3045 736 3112 colonia
750 3046 903 3111 Romana
919 3063 956 3110 eo
973 3043 1114 3110 deducta
1132 3044 1281 3126 putanda
1301 3048 1399 3111 55551.

268 3156 321 3221 De
344 3153 431 3220 exilii
453 3154 523 3220 iure
547 3154 588 3220 ab
604 3153 758 3236 Augusto
775 3151 874 3219 Samo
897 3152 1023 3218 insulae
1039 3151 1117 3218 dato
1133 3152 1311 3218 secundum
1326 3169 1399 3234 pro·

180 3262 320 3329 babilam
342 3260 564 3327 Boissevainii
587 3261 809 3326 coniecturam
831 3259 944 3327 videas
967 3279 999 3341 p.
1025 3259 1044 3322 l
1068 3263 1103 3324 51
1125 3259 1201 3329 555.
1225 3258 1255 3324 2.

268 3369 474 3436 Libertatem
497 3368 659 3434 ademisse
681 3366 825 3434 traditur
846 3367 1072 3449 Vespasianus
1095 3364 1201 3452 (Suet.
1225 3366 1326 3448 Vesp.
1350 3364 1399 3452 8);

179 3476 220 3543 de
243 3476 343 3543 dubia
364 3475 460 3542 huius
482 3474 547 3542 loci
568 3473 632 3542 fide
654 3473 730 3542 vide
751 3494 783 3557 p.
806 3472 849 3538 59
872 3492 943 3556 sqq.

339 3627 393 3694 22.
427 3627 591 3695 Miletus*

268 3744 392 3811 Libera
415 3748 488 3810 erat
509 3744 643 3810 Miletus
666 3744 744 3810 urbs
767 3761 853 3810 anno
877 3740 1024 3808 566l188
1044 3739 1129 3824 (Pol.
1147 3740 1200 3823 21,
1216 3741 1259 3805 48
1273 3769 1314 3798 =
1327 3741 1399 3808 Liv.

180 3852 234 3933 38,
251 3851 324 3937 39);
348 3856 449 3934 51555
473 3870 546 3917 555
568 3851 672 3917 libera
695 3855 794 3931 esset,
817 3848 959 3915 Romani
975 3849 1006 3914 ei
1021 3848 1262 3930 componendas
1277 3850 1400 3916 Messe·

180 3959 308 4025 nicrum
344 3963 377 4024 et
404 3957 741 4025 Lacedaemoniorum
774 3956 955 4024 discordias
982 3955 1214 4038 permiserimt3
1249 3974 1326 4022 nam
1353 3956 1400 4021 in·

182 4065 317 4148 scriptio
334 4065 433 4151 (Ditt.
452 4067 523 4149 syll.
539 4066 567 4148 1,
591 4064 731 4151 5240),
755 4069 831 4148 post
853 4065 894 4130 L.
917 4063 1054 4130 Mummi
1078 4063 1285 4130 consulatum
1300 4064 1401 4143 facta,

181 4192 219 4240 eo
243 4172 684 4255 15555555551155155155,
708 4190 772 4254 quo
787 4171 920 4238 Miletus
943 4171 1096 4236 libertate
1114 4170 1280 4237 utebatur.
1314 4171 1402 4238 Huic

182 4300 311 4364 quoque
334 4280 475 4363 tempori
502 4280 730 4347 attribuendus
754 4284 806 4344 est
826 4278 934 4345 Taciti
956 4279 1047 4344 locus
1072 4276 1162 4363 (ann.
1178 4277 1238 4360 IV,
1254 4276 1323 4362 43),
1347 4276 1401 4360 551

182 4389 324 4455 fortasse
348 4389 390 4454 ad
414 4386 550 4454 eandem
574 4406 642 4453 rem
666 4391 806 4468 spectat,
831 4384 873 4451 55
896 4403 994 4467 5555
1016 4383 1187 4465 inscriptio
1203 4385 1300 4470 (Ditt.
1317 4382 1400 4471 ll).
