3174 4860
680 261 903 326 ..21-

178 449 221 532 Ii,
256 472 287 534 p.
313 452 377 517 279
401 457 435 519 61
457 453 532 520 adn.
556 451 590 535 4)
625 453 674 519 ita
707 452 931 535 accipiendum
965 451 1110 534 videtur,
1146 455 1183 519 ut
1217 451 1400 520 aOlaudio

180 558 329 625 omnibus
351 559 477 626 Aeduis
506 559 677 627 eivitatem
699 560 885 626 Romanam
912 559 1040 642 datam,
1076 559 1134 626 sed
1157 560 1220 641 eis,
1256 560 1312 642 qui
1334 560 1402 626 iam

180 664 315 732 civitate
337 667 489 733 Romana
522 666 714 748 utebantur,
748 668 799 735 ius
827 671 1017 734 senatorum
1040 666 1188 734 additum
1211 684 1284 732 esse
1307 671 1401 749 pute·

180 792 252 839 mus
276 772 486 858 (Nipperdey,
511 773 554 841 ad
577 774 655 841 Tae.
678 775 700 841 1.
724 775 774 860 1.);
809 793 914 856 neque
938 774 1023 841 enim
1046 773 1086 841 de
1110 773 1245 840 eivitate
1268 773 1401 840 Aeduo-

180 899 262 962 rum,
286 880 344 947 sed
367 881 407 948 de
429 881 500 947 iure
524 882 691 948 senatorio
716 900 839 963 eorum,
862 882 919 963 qui
940 882 1028 948 inter
1042 881 1202 962 primores
1217 899 1298 947 suae
1314 881 1402 962 quis-

179 1005 242 1068 que
276 988 384 1070 gentis
421 988 512 1073 (Tae.
541 1007 617 1056 ann.
640 989 703 1071 XI,
727 988 782 1073 23)
819 989 885 1056 iam
919 993 1020 1056 antea
1054 988 1223 1055 civitatem
1258 988 1404 1056 assecuti

179 1097 285 1175 erant,
310 1091 479 1162 Claudius.
489 1095 670 1177 imperator
685 1095 788 1163 verba
803 1095 883 1162 faoit
899 1094 1033 1180 (Bruns,
1056 1095 1078 1162 f.
1095 1094 1183 1176 iur.⁵,
1199 1113 1231 1177 p.
1251 1096 1312 1160 177
1330 1114 1401 1177 sqq.

180 1199 303 1285 [oratio
329 1199 471 1288 Claudii]
495 1202 541 1285 Π,
564 1204 586 1269 l.
610 1203 664 1284 24,
681 1202 735 1284 28,
752 1202 806 1284 29,
830 1201 897 1286 al).

340 1327 371 1393 3.
408 1327 827 1412 Γ116661611626661661)

269 1434 399 1500 ‘civitas
422 1433 628 1501 Turonorum
651 1435 765 1501 libera’
795 1434 955 1519 (eomptes
979 1434 1118 1502 rendues
1141 1435 1182 1502 de
1205 1435 1322 1503 l’aoad.
1346 1435 1403 1502 des

180 1541 278 1607 inser.
305 1541 401 1621 1877,
424 1559 456 1623 p.
480 1541 546 1625 34).

269 1649 320 1729 16,
355 1647 411 1730 qui
444 1649 531 1716 hano
564 1648 811 1732 inscriptionem
845 1649 962 1732 edidit,
998 1669 1038 1716 ex
1072 1650 1266 1734 fragmentis
1301 1650 1402 1718 tituli:

183 1752 397 1822 SINRPOTI
410 1754 499 1823 haud
510 1755 769 1840 improbabiliter
780 1757 940 1824 eonelusit
954 1758 1042 1824 buno
1057 1757 1189 1824 titulum
1200 1758 1404 1840 Britannioo,

184 1862 312 1929 Olaudii
335 1863 544 1945 imperatoris
560 1863 638 1945 filio,
661 1865 766 1931 Drusi
781 1863 995 1951 (Germanioi)
1019 1865 1131 1948 nepoti
1153 1865 1298 1947 positum
1322 1885 1405 1932 esse.

342 1991 373 2056 4.
409 1987 591 2056 Carnuteni
654 1991 657 1997 ’

272 2096 453 2164 ‘foederati'
477 2095 574 2183 (Plin.
598 2116 630 2164 n.
654 2097 686 2164 b.
709 2097 769 2180 IV,
796 2097 883 2181 107).

341 2219 373 2288 b.
408 2221 508 2288 Meldi

273 2328 386 2395 ‘liberi'
411 2329 509 2415 (Pliu.
533 2349 564 2396 n.
589 2330 621 2396 h.
645 2330 705 2413 IV,
731 2329 818 2411 107).

467 2472 631 2556 Belgioa
659 2472 745 2558 (eum
767 2472 894 2539 duabus
918 2471 1129 2557 Germaniis).

345 2598 374 2663 1.
409 2596 602 2665 Atrebates.

274 2702 313 2772 0.
329 2702 457 2771 ansar
471 2723 530 2788 pro
546 2703 673 2770 meritis
690 2703 830 2771 Oommii
844 2704 1018 2771 Atrebatis
1042 2705 1111 2771 eius
1128 2709 1260 2788 gentem
1283 2705 1408 2772 ‘immu-

187 2828 262 2876 nem
285 2829 357 2878 esse
372 2810 527 2894 iusserat,
550 2811 624 2879 iura
639 2812 793 2895 legesque
809 2810 1007 2879 reddiderat*
1031 2811 1078 2878 eis
1095 2810 1205 2897 (Caes.
1222 2812 1252 2878 b.
1272 2811 1314 2880 0.
1330 2813 1408 2895 VH,

189 2917 247 2998 76,
284 2917 326 3001 1).
376 2916 553 3003 Augustil)
588 2922 701 2985 aetate
734 2919 801 2985 iam
835 2937 901 2985 non
935 2919 1028 2985 liberi
1062 2919 1194 2986 fuerunt
1216 2919 1409 3002 Atrebates,

188 3024 346 3105 siquidem
369 3045 411 3092 ex
432 3025 533 3092 Plinii
556 3026 686 3092 silentio
710 3026 833 3108 aliquid
856 3025 942 3093 effioi
962 3025 1082 3111 116613)

346 3151 377 3218 2.
412 3151 516 3219 Nervi

278 3258 391 3326 ‘liberi’
416 3257 512 3345 (Plin.
537 3278 569 3326 n.
593 3260 625 3325 h.
650 3259 710 3342 IV,
737 3258 824 3343 106).

348 3385 379 3452 3.
415 3383 619 3452 Suessiones.

277 3491 482 3575 Suessiones,
505 3493 618 3559 Remis
642 3492 796 3559 attributi
818 3492 919 3579 (Hirt.
943 3492 1147 3580 6711011,
1171 3494 1202 3577 6,
1226 3493 1269 3578 2),
1294 3497 1412 3575 postea

190 3597 284 3665 liberi
306 3604 384 3666 sunt
407 3599 505 3685 (Plin.
529 3618 562 3665 n.
585 3600 618 3666 h.
640 3600 700 3683 IV,
727 3599 813 3684 106).

347 3727 380 3791 4.
413 3725 520 3792 Remi.
921 3713 928 3731 ’

277 3831 455 3899 Foederati
477 3836 641 3899 vocantur
662 3832 759 3898 Remi
781 3835 815 3898 61
838 3849 859 3898 a
880 3831 989 3898 Plinio
1014 3832 1057 3918 (n.
1081 3833 1113 3898 h.
1136 3832 1197 3915 IV,
1223 3832 1298 3917 106)
1323 3836 1356 3898 61
1378 3832 1413 3898 in

189 3938 294 4006 titulis
318 3938 423 4024 (CIL.
446 3940 490 4023 X,
519 3939 616 4022 17053
651 3938 732 4022 ΧΠ,
764 3938 1000 4023 1855,1869).
1046 3939 1100 4006 Ex
1134 3939 1185 4006 his
1221 3939 1284 4007 duo
1321 3939 1412 4026 (XII,

192 4046 278 4110 1855
301 4051 335 4113 et
352 4046 461 4131 1869),
484 4047 540 4128 qui
563 4046 606 4113 ad
629 4045 768 4113 eundem
790 4046 897 4114 virum
912 4045 1075 4113 referendi
1090 4046 1253 4128 videntur,
1278 4046 1413 4119 'Iraiani

189 4153 398 4235 imperatoris
423 4157 535 4221 aetate
557 4152 658 4236 positi
680 4157 767 4220 sunt.

264 4349 285 4419 ¹)
305 4346 340 4405 el.
358 4347 567 4418 Zangemeister
584 4348 626 4404 in:
647 4344 726 4404 Neue
745 4347 923 4418 Heidelberg.
942 4347 1041 4405 Jahrb.
1060 4346 1098 4418 II,
1116 4364 1145 4419 p.
1166 4349 1207 4418 13,
1226 4363 1254 4404 6.
1273 4348 1316 4402 32.

265 4438 286 4509 ¹)
304 4453 332 4509 p.
351 4439 370 4493 4
388 4435 452 4494 adn.
471 4438 497 4493 2.
534 4436 556 4506 ³)
574 4453 602 4509 p.
620 4439 639 4493 4
657 4436 722 4494 adn.
741 4437 767 4494 3.
