3174 4860
676 253 897 321 ,ῃ-

225 489 227 492 >
264 451 297 517 A
314 457 452 526 Claudio
476 454 674 535 imperatore
694 450 847 515 libertate
862 449 909 514 illi
924 450 1047 531 privati
1063 469 1148 516 anno
1164 450 1207 514 43
1224 450 1279 535 (D.
1298 449 1393 518 (lass.

177 564 312 648 60,17;
348 566 438 633 Suet.
464 559 580 626 Claud.
605 557 660 635 25)
694 556 913 639 Pamphyliae
947 557 1135 639 provinciae
1170 556 1291 623 adiecti
1318 562 1397 624 sunt

176 670 234 756 (D.
264 671 358 739 Cass.
386 674 407 737 l.
435 668 482 753 l.).
530 664 616 747 Quid
644 664 689 730 sit
722 664 930 729 iudicandum
958 663 998 728 de
1033 662 1189 730 Suetonio
1215 665 1328 748 (Vesp.
1360 665 1395 751 8)

176 779 281 844 denuo
330 781 487 845 narrante
540 772 661 855 Lycios
710 770 863 835 libertate
913 769 1061 851 privatos
1112 789 1195 852 esse,
1240 771 1395 854 inspicias

176 905 208 967 p.
232 885 275 950 59
299 905 369 967 sqq.

264 990 481 1074 Pamphyliae
505 1005 583 1053 orae
606 983 792 1050 maritimae
815 1001 894 1065 pars
909 982 1133 1049 Attalicornm
1157 1003 1270 1068 regum
1294 985 1396 1052 fuisse

176 1100 308 1167 videtur
341 1102 477 1181 propter
510 1113 629 1160 nomen
663 1091 753 1157 urbis
787 1089 939 1183 Attaliae
967 1091 1179 1175 (Mommsen,
1208 1092 1248 1158 R.
1274 1091 1315 1159 G.
1340 1092 1396 1174 'V³,

177 1228 208 1290 p.
234 1206 309 1288 367,
333 1225 360 1271 5.
384 1205 435 1286 1.);
463 1205 576 1285 itaque
599 1202 799 1266 testamento
823 1197 934 1264 Attali
956 1199 1043 1281 regis
1066 1200 1238 1265 Romanae
1261 1200 1397 1266 dicionis

177 1315 278 1395 facta,
302 1332 366 1395 quo
390 1315 482 1378 statu
504 1328 566 1376 usa
589 1309 643 1389 sit,
667 1306 800 1373 dubium
816 1310 878 1377 est.
910 1305 1057 1388 Augusti
1073 1311 1184 1373 aetate
1198 1306 1397 1391 Pamphylia

176 1420 251 1503 ipsa
273 1417 443 1502 provincia
465 1416 528 1483 fuit
553 1416 759 1496 (Mommsen,
783 1413 823 1479 R.
849 1411 891 1478 G.
914 1412 971 1494 V³,
994 1433 1026 1495 p.
1051 1414 1141 1498 309).
1165 1418 1167 1426 ’

267 1525 424 1609 Superior
439 1543 517 1607 pars
532 1521 760 1604 Pamphyliae,
786 1539 870 1601 quae
894 1525 967 1585 erat
990 1525 1147 1587 montana
1172 1520 1253 1600 (Str.
1269 1522 1349 1604 ΧΠ,
1367 1523 1398 1605 7,

178 1656 209 1718 p.
226 1634 315 1715 569),
339 1633 425 1699 sicut
440 1631 577 1711 Pisidia,
601 1629 767 1695 Antiocho
792 1627 942 1709 paruisse
965 1647 1030 1693 non
1046 1628 1177 1694 videtur
1193 1630 1398 1712 (Mommsen,

178 1743 200 1807 l.
223 1742 244 1807 l.
272 1760 304 1823 p.
329 1738 506 1820 307l308);
542 1737 654 1817 itaque
677 1733 770 1801 liberi
804 1741 1033 1801 remanserunt
1067 1735 1100 1801 hi
1135 1737 1260 1818 populi,
1296 1737 1399 1804 donec

179 1847 347 1914 Antonius
373 1865 428 1912 eos
454 1845 633 1911 domandos
657 1842 825 1925 Amyntae
848 1841 985 1908 tradidit
1010 1841 1091 1926 (Str.
1113 1843 1192 1924 ΧΠ,
1215 1844 1245 1926 6,
1266 1864 1297 1926 p.
1318 1846 1398 1928 569;

178 1957 222 2021 D.
248 1953 342 2021 Cass.
367 1954 421 2034 53,
446 1953 516 2034 26),
553 1951 609 2033 qui
636 1954 795 2032 qnantum
819 1949 1009 2032 profecerit,
1039 1949 1147 2015 discas
1172 1971 1212 2017 ex
1236 1950 1399 2019 Strabone

179 2064 214 2147 (l.
231 2062 278 2147 l.).
317 2061 401 2126 Post
416 2060 585 2143 Amyntae
608 2063 758 2139 mortem,
787 2077 872 2123 anno
891 2054 1024 2138 729125,
1041 2057 1225 2141 Augustus,
1250 2059 1305 2140 qui
1328 2059 1399 2141 ipse

179 2171 240 2236 has
275 2169 426 2251 regiones
459 2165 628 2249 pacandas
663 2165 808 2246 suscepit
843 2165 901 2247 (D.
931 2162 1026 2230 Cass.
1058 2165 1111 2245 53,
1137 2165 1207 2248 26),
1244 2165 1400 2232 Galatiae

96 2314 97 2317 =
179 2277 347 2359 praefecto
375 2272 564 2356 imperavit,
593 2276 645 2353 ut,
674 2276 833 2353 quantum
861 2276 990 2353 posset,
1026 2291 1082 2337 555
1105 2272 1194 2338 intra
1217 2291 1294 2338 suos
1318 2273 1399 2339 fines

178 2383 361 2449 contineret
385 2381 592 2467 (Mommsen,
616 2379 657 2445 R.
682 2377 724 2445 G.
748 2378 804 2460 V³,
828 2398 859 2460 p.
882 2378 973 2464 309).

340 2560 370 2626 2.
407 2560 622 2625 Thermessus
645 2556 760 2623 maior.

266 2705 372 2770 Extat
395 2702 496 2787 (cm.
513 2701 541 2782 I,
559 2700 637 2782 264)
660 2701 713 2765 lex
736 2698 895 2780 Antonia,
920 2717 985 2764 non
1008 2700 1111 2765 multo
1127 2705 1203 2782 post
1219 2700 1298 2768 Kal.
1314 2703 1399 2785 Apr.

179 2811 256 2878 anni
279 2809 403 2879 682172
438 2810 481 2875 ad
515 2808 670 2890 populum
705 2808 775 2873 lata
812 2807 1010 2891 (Mommsen
1034 2807 1076 2872 ad
1100 2806 1185 2873 CIL.
1209 2809 1230 2874 l.
1255 2808 1305 2893 l.),
1335 2829 1401 2892 qua

179 2917 429 2985 Thermessibus
453 2916 588 2981 libertas
613 2933 634 2980 a
657 2916 777 2996 populo
801 2914 951 2979 Romano
977 2914 1175 2981 conceditur.
1221 2915 1334 2998 Atque
1358 2918 1400 2983 ab

179 3027 242 3091 hoo
264 3030 411 3106 tempore
428 3024 640 3088 Thermesses
663 3021 805 3087 maiores
822 3021 856 3085 in
872 3021 1056 3086 civitatium
1072 3022 1249 3088 liberarum
1265 3043 1399 3090 numero

181 3137 267 3198 sunt.
314 3133 428 3211 Neque
464 3130 549 3196 enim
584 3149 658 3194 cum
684 3129 913 3211 Marquardtio
938 3128 1001 3214 (St.
1025 3130 1066 3194 V.
1090 3129 1132 3212 1²,
1156 3152 1187 3213 p.
1212 3132 1287 3213 364,
1313 3152 1342 3199 a.
1368 3134 1401 3212 8)

181 3238 364 3319 consentio,
401 3238 457 3318 qui
490 3237 557 3302 iarn·
592 3255 677 3302 anno
706 3234 853 3303 5651169
887 3236 1136 3302 Thermessibus
1171 3238 1402 3306 libertatema

180 3346 339 3413 Romanis
373 3343 568 3426 permissam
603 3362 676 3409 esse
707 3343 795 3408 dicit.
841 3342 891 3409 At
915 3342 975 3426 On.
998 3344 1153 3426 Manlius,
1178 3364 1251 3411 cum
1274 3347 1402 3413 Lindae

180 3453 270 3519 urbis
306 3451 408 3534 legati
442 3454 608 3533 peterent,
643 3454 681 3515 ut
714 3450 804 3531 ipsos
840 3469 860 3515 a
895 3450 1138 3517 Thermessium
1172 3453 1402 3519 vexationibus

180 3560 369 3626 defenderet
403 3557 490 3643 (Pol.
515 3558 569 3637 21,
593 3556 635 3620 35
659 3580 693 3599 =
717 3557 791 3622 Liv.
816 3556 869 3637 38,
896 3555 968 3642 15),
1004 3558 1163 3624 aduersus
1199 3578 1255 3625 eos
1291 3565 1403 3626 castra

181 3667 295 3747 movit,
323 3664 381 3730 sed
403 3663 543 3746 pecnnia
566 3667 705 3745 accepta
727 3670 856 3729 συνέθετο
878 3671 975 3749 φιλίαν.
1025 3665 1141 3746 Neque
1175 3670 1286 3732 tamen
1320 3669 1404 3734 haec

182 3784 254 3860 φιλία
288 3772 337 3838 ita
359 3771 609 3853 interpretanda
632 3775 699 3852 est,
722 3775 760 3835 ut
782 3770 926 3836 Manlius
950 3775 1020 3837 tum
1044 3772 1231 3838 libertatem
1255 3774 1302 3838 eis
1327 3793 1403 3839 oon·

183 3879 334 3960 5555555
363 3878 578 3960 nequeenim
608 3896 663 3943 eos
689 3881 747 3942 aut
776 3895 855 3942 suae
886 3877 1021 3943 dicionis
1043 3879 1167 3945 fecerat
1191 3885 1249 3945 aut
1273 3882 1403 3946 omnino

183 3987 341 4054 Romanis
369 3985 517 4051 subicere
540 3985 574 4050 in
598 3984 706 4050 animo
730 3983 888 4066 habebat;
918 3985 1016 4050 immo
1044 4005 1123 4051 vero
1148 4004 1188 4052 55
1211 3990 1284 4053 erat
1307 3988 1403 4053 huius

184 4095 348 4161 amicitiae
393 4094 457 4173 lex,
496 4096 533 4158 nt
570 4091 712 4156 Manlius
752 4108 773 4155 a
810 4089 894 4156 bello
941 4092 1189 4158 Thermessibns
1236 4094 1404 4160 inferendo

184 4201 367 4269 desisteret.
405 4200 494 4265 Malo
516 4197 647 4281 Polybii
669 4197 770 4264 verba
793 4197 894 4264 vertit
909 4199 1025 4265 Livius
1049 4199 1253 4287 (38,15,6):
1279 4203 1404 4283 ‘paoem

184 4309 293 4376 dedit'.
