3174 4860
628 241 850 306 ..39-

129 452 229 517 quam
252 433 291 501 de
314 453 427 504 eorum
449 434 602 503 libertate
625 434 771 518 oonstat3
795 452 873 502 nam
895 433 929 501 id
951 432 1038 516 quod
1061 431 1181 504 Strabo
1205 432 1246 502 de
1261 433 1348 500 Dar·

129 541 215 614 dano
239 541 318 612 dioit
341 541 449 626 (XIII,
468 542 498 624 1,
521 561 553 624 p.
577 540 666 626 595),
689 541 861 627 adragas,
885 541 942 625 qui
964 545 1043 610 ante
1065 545 1211 610 aetatem
1226 541 1348 609 Roma-

128 665 206 719 nam
229 647 349 721 Asiam
371 652 558 731 tenuerunt,
580 647 787 721 referendum
810 652 872 719 est.

287 753 319 822 5.
354 753 516 827 aeneum.

215 861 343 929 Eadem
365 862 508 929 sortasse
532 863 572 931 de
596 879 707 944 eausa,
731 880 798 945 qua
819 861 917 933 Ilium
940 865 974 933 et
996 861 1175 934 Dardanus
1191 859 1277 947 (Liv.
1294 861 1349 944 38,

130 968 265 1056 39,10),
289 969 440 1037 'lenedus
462 969 566 1037 libera
589 987 663 1037 esse
685 968 778 1037 iussa
791 968 923 1037 videtur
938 965 1198 1037 51155661188.
1233 967 1349 1037 Liber·

129 1080 232 1145 tatem
255 1076 368 1146 amisit
389 1095 475 1144 anno
501 1074 624 1145 700754
648 1075 729 1162 (Cio.
753 1076 797 1145 ad
820 1074 860 1159 Q.
883 1077 923 1144 fr.
946 1076 993 1160 Π,
1011 1076 1064 1158 11,
1080 1075 1124 1160 2).

287 1185 317 1249 6.
352 1184 460 1251 Ilium.

215 1290 389 1359 Iliensibus
405 1291 547 1360 Romani
568 1292 646 1375 iam,
663 1296 841 1374 antequam
861 1290 895 1357 in
911 1289 1029 1360 Asiam
1045 1288 1246 1374 transgressi
1261 1293 1349 1372 suut,

128 1417 149 1466 a
165 1395 301 1466 Seleuco
325 1419 403 1483 rege
419 1397 536 1484 Syriae
559 1400 799 1466 immunitatem
822 1402 1099 1482 perpetraverunt
1114 1396 1217 1483 (Suet.
1232 1395 1347 1465 Claud.

127 1504 197 1591 85);
221 1505 285 1588 ipsi
306 1524 397 1589 vero,
421 1525 494 1572 oum
517 1510 594 1589 post
617 1506 780 1573 deviatum
803 1505 1006 1573 Antiochum
1022 1502 1126 1573 Asiae
1148 1523 1203 1572 res
1227 1504 1348 1571 eonsti-

126 1616 268 1695 tuerent‚
291 1613 431 1683 Eumeni
445 1613 542 1680 Ilium
565 1631 631 1679 non
654 1617 897 1695 conoesserunt,
920 1611 980 1679 sed
1001 1610 1139 1681 liberum
1155 1629 1228 1679 esso
1243 1610 1347 1678 iusse-

126 1724 205 1787 runt
243 1720 328 1805 (Lis.
353 1720 481 1803 38‚39,
504 1719 569 1806 10).
624 1719 709 1786 Post
747 1721 886 1802 primum
925 1720 1045 1786 bellum
1077 1716 1348 1789 Mithradatioum

126 1826 219 1896 Sulla
251 1827 426 1894 Iliensibus
452 1827 638 1895 libertatem
664 1827 811 1895 rest'tuit
845 1824 945 1912 (App.
979 1825 1093 1893 Mithr.
1125 1825 1195 1911 61);
1231 1825 1346 1901 oonfir·

125 1934 231 2001 mavit
254 1941 411 2022 ἐλευθερίαν
435 1938 469 2001 et
495 1941 714 2020 ἀλειτουργησίαν
743 1931 869 2001 Caesar
900 1932 979 2018 (Str.
1006 1933 1104 2015 ΧΙΠ,
1134 1934 1163 2016 l,
1198 1952 1229 2015 p„
1258 1931 1347 2017 594).

124 2042 244 2124 Itaque
267 2042 448 2108 ‘immunes’
473 2060 529 2109 eos
551 2047 652 2109 vooat
665 2040 793 2109 Plinius
810 2041 853 2126 (n.
869 2042 902 2108 h.
919 2042 961 2121 V,
979 2039 1065 2126 124).
1100 2041 1347 2109 Immunitatem

126 2149 170 2216 ‘in
193 2150 397 2233 perpetuum'
421 2150 628 2217 confirmavit
645 2148 802 2216 Claudius
825 2148 1006 2231 imperator
1028 2146 1131 2233 (Suet.
1157 2146 1272 2216 Claud.
1289 2146 1347 2230 85;

124 2257 203 2326 Ner.
223 2257 270 2341 7),
305 2257 410 2325 denuo
433 2257 656 2341 plenissimam
679 2255 919 2323 immunitatem
941 2252 1130 2326 Antoninus
1152 2254 1234 2322 Pius
1258 2255 1348 2341 (Dig.

125 2363 300 2448 27,1,17,
320 2364 352 2449 1)
376 2365 424 2432 eis
448 2364 621 2432 oonoessit.

285 2472 315 2536 7.
349 2461 554 2556 Methymna.

212 2578 381 2662 Foederia
404 2580 492 2663 quod
503 2579 646 2646 Romani
662 2598 736 2645 oum
744 2577 986 2662 Methymnaeis
999 2576 1137 2658 ioernnt,
1160 2577 1347 2661 fragmenta

124 2689 250 2768 extant,
273 2705 358 2770 quae
380 2687 505 2769 primus
529 2687 630 2754 edidit
653 2683 1247 2771 051115(1751555111115511155555),
1270 2689 1348 2768 post

123 2794 211 2860 huno
234 2793 407 2862 Oiohorius
431 2794 507 2880 (Rb.
530 2797 616 2861 Mus.
644 2794 740 2876 1889,
763 2814 796 2877 p.
820 2793 886 2859 440
902 2793 998 2877 squ).
1033 2795 1085 2860 De
1108 2797 1256 2874 tempore
1279 2792 1346 2860 foe·

123 2900 210 2968 deris
234 2902 280 2968 nil
303 2902 386 2969 oerti
408 2906 551 2984 constat,
574 2902 633 2968 sed
656 2918 707 2983 ea,
730 2919 816 2983 quae
840 2899 1012 2967 Oiohorius
1036 2899 1069 2984 (l.
1092 2900 1114 2965 1.
1137 2919 1170 2982 p.
1186 2895 1346 2982 4431444)

123 3008 246 3091 attuit,
270 3009 384 3079 foedus
407 3009 674 3093 Methymnaeum
697 3007 811 3074 eodem
834 3007 902 3073 iere
925 3011 1087 3088 tempore,
1110 3024 1175 3088 quo
1198 3005 1346 3089 Astypa-

120 3115 229 3185 laoum
252 3115 298 3202 (p.
323 3115 366 3181 55
389 3136 422 3183 n.
445 3114 514 3201 33),
538 3117 662 3187 faotnm
685 3134 769 3197 esse,
792 3114 975 3197 probabilia
997 3113 1160 3181 videntur.

284 3223 316 3290 8.
350 3223 518 3307 Mytilene.

212 3330 304 3398 Ante
336 3331 471 3413 bellum,
507 3330 593 3414 quod
627 3331 766 3414 populus
789 3329 958 3398 Romanus
982 3348 1055 3395 oum
1077 3326 1245 3394 Antiooho
1268 3346 1346 3412 rege

123 3439 237 3522 gessit,
259 3438 417 3522 Mytilene
439 3438 543 3506 libera
565 3438 667 3506 fuisse
689 3439 834 3521 videtum
857 3456 962 3521 neque
986 3436 1072 3502 enim
1091 3435 1171 3502 mihi
1186 3435 1346 3517 probatur

125 3544 270 3613 Oiohorii
303 3546 485 3627 sententia,
520 3546 575 3629 qui
602 3546 820 3630 Mytilenaeos
842 3543 1010 3611 Antiocho
1044 3542 1221 3609 inservisse
1249 3547 1346 3625 putat

124 3652 221 3737 (uem
243 3672 276 3720 n.
299 3652 395 3737 Myt,
419 3674 450 3736 p.
475 3651 556 3739 314).
605 3653 813 3720 Libertatem
847 3650 909 3718 sibi
937 3654 1150 3718 reservarunt
1175 3649 1346 3733 usquead

123 3760 199 3826 belli
220 3759 318 3843 primi
340 3760 566 3827 Mithradatici
589 3765 753 3843 tempora3
781 3776 859 3826 nam
881 3757 921 3825 de
943 3756 1098 3824 libertate
1120 3757 1276 3824 restituta
1299 3756 1312 3842 (
1336 3760 1348 3825 .’

124 3867 221 3951 paulo
244 3865 359 3952 infra),
382 3886 447 3934 non
471 3871 541 3934 tum
563 3866 705 3951 primum
727 3867 808 3934 data
830 3864 933 3932 verba
954 3863 1036 3930 faoit
1058 3863 1202 3930 Velleius
1225 3863 1344 3931 Pater·

126 3975 217 4045 oulus
240 3974 298 4059 (Π,
317 3974 383 4060 18).
430 3973 514 4041 Cum
541 3973 647 4056 pn'mo
672 3973 757 4040 bello
780 3969 1015 4039 Mithradatioo
1038 3970 1161 4037 aeriter
1182 3988 1235 4037 ree
1258 3969 1345 4055 regis

124 4080 230 4148 secuti
245 4087 365 4164 essent,
381 4080 459 4148 urbs
476 4100 497 4148 a
510 4081 669 4147 Romanis
685 4097 771 4146 anno
784 4074 909 4145 674189
921 4081 1110 4160 expugnata
1121 4075 1225 4162 (Suet.
1236 4077 1298 4147 Iul.
1312 4076 1345 4162 2)

123 4188 309 4255 libertatem
330 4190 454 4272 amisit3
479 4190 584 4256 denuo
607 4188 641 4254 in
664 4188 852 4255 libertatem
873 4184 1042 4252 vindicata
1064 4188 1116 4251 est
1131 4202 1153 4251 5
1168 4183 1228 4250 011.
1244 4182 1344 4250 Pom·

18 4331 21 4337 ·
123 4294 196 4376 peio
220 4295 273 4381 (V.
296 4295 374 4363 Pat.
397 4298 442 4379 Π,
461 4296 526 4381 18),
549 4296 706 4363 redeunte
730 4313 771 4363 ex
791 4291 878 4368 Asia
899 4295 977 4374 post
995 4290 1208 4360 Mithradatis
1231 4290 1343 4360 interi-

122 4404 302 4470 sumasne
325 4399 449 4471 691l63
472 4403 576 4490 (Plut.
599 4402 717 4485 Pomp.
740 4399 809 4487 42).
