3174 4860
686 229 908 294 -22-

341 421 372 486 5.
408 422 553 489 Treveri.

272 547 419 614 ‘Treveri
438 547 539 613 *liberi
562 550 672 615 antea'
702 549 799 634 (Plin.
823 568 855 615 n.
879 549 912 615 h.
936 549 1000 630 lv,
1027 548 1113 632 106).
1161 547 1234 630 Quo
1259 555 1409 634 tempore

169 655 319 723 'Treveri
340 654 527 721 libertatem
551 656 737 737 amiserint,
767 655 945 736 nescimus3
981 655 1038 721 sed
1062 655 1091 720 si
1114 655 1258 723 Plinium
1286 659 1319 723 in
1343 659 1409 724 hac

182 781 311 843 quoque
334 761 505 845 provincia
532 762 746 830 describenda
759 761 916 855 Augusti
950 764 1128 829 laterculos
1157 769 1305 831 secutum
1319 787 1321 790 ’
1334 785 1408 832 esse

183 887 363 950 censemus,
387 868 421 933 in
443 869 495 934 bis
519 869 574 935 vix
597 869 756 953 scriptum
779 869 980 936 inveniebat:
1006 871 1152 937 ‘Treveri
1167 871 1261 938 liberi
1284 874 1407 953 antea,

167 977 261 1066 “sedr
278 976 425 1043 ‘'l'reveri
447 976 562 1058 liberi,
585 977 649 1043 nisi
672 978 757 1044 forte
780 977 943 1044 libertatis
967 997 1095 1060 quoque
1118 983 1232 1045 notam
1256 997 1276 1045 a
1299 978 1407 1046 Plinio

180 1084 328 1152 additam
344 1102 417 1150 esse
434 1102 581 1150 censeas.
612 1084 689 1167 Ipse
704 1083 806 1168 igitur
820 1083 948 1151 Plinius
964 1104 1093 1152 vocem:
1110 1087 1230 1154 ‘antea'
1247 1085 1408 1154 adiecisse

180 1191 327 1272 videtum
360 1191 436 1257 inde
459 1190 600 1256 efficitur
623 1192 786 1257 Treveros
814 1190 903 1257 intra
926 1191 1071 1275 Augusti
1101 1198 1246 1260 aetatem
1270 1199 1305 1260 et
1332 1213 1408 1260 eum

181 1319 313 1380 annum,
337 1317 400 1381 quo
425 1302 531 1364 totum
556 1317 637 1382 opus
661 1299 784 1365 editum
806 1303 866 1379 est,
889 1295 1076 1366 libertatem
1100 1301 1260 1370 amisisse.
1311 1300 1408 1383 Quod

180 1409 257 1489 post
280 1405 430 1473 sedatam
455 1403 596 1471 Classici
618 1406 818 1487 Tutorisque
846 1405 1040 1473 seditionem
1067 1398 1192 1476 factum
1220 1427 1293 1475 esse
1316 1413 1407 1474 recte

181 1512 360 1580 coniecisse
383 1511 513 1578 videtur
537 1513 656 1595 Zumpt
680 1512 809 1598 (comm.
833 1513 935 1597 epigr.
959 1514 987 1596 Ι,
1011 1534 1043 1596 p.
1067 1515 1143 1596 385,
1168 1534 1198 1583 a.
1225 1516 1267 1600 1),
1292 1533 1407 1598 quam·

181 1639 279 1703 quam
303 1638 353 1701 θα,
377 1637 462 1702 quae
478 1619 592 1685 eodem
606 1620 678 1685 loco
696 1618 735 1686 do
750 1619 954 1702 Lingonibus
971 1619 1061 1702 dicit,
1084 1639 1201 1704 parum
1224 1622 1409 1705 probantur

166 1728 225 1813 .(v.
248 1727 344 1807 infra,
368 1747 399 1808 p.
424 1725 477 1807 22,
501 1745 532 1790 n.
558 1725 590 1809 8)
648 1724 871 1793 Confirmatnr
893 1728 975 1793 haec
998 1727 1163 1795 sententia
1186 1747 1226 1795 θα
1249 1749 1295 1810 re,
1319 1731 1409 1811 quod

181 1834 268 1918 apud
291 1833 443 1900 Tacitum
479 1832 567 1918 (bist.
595 1833 664 1913 IV,
700 1833 742 1896 62
772 1837 806 1899 et
835 1834 889 1917 72)
925 1837 960 1899 et
994 1833 1027 1898 in
1063 1834 1160 1903 titulo
1196 1835 1402 1920 (Brambaoh

182 1941 290 2008 OIRh.
317 1939 393 2023 770)
429 1943 529 2022 caput
553 1939 771 2006 Treverorum
795 1944 947 2007 vocatur:
983 1941 1123 2007 ‘colonia
1145 1941 1302 2026 Augusta
1325 1945 1407 2012 Tre-

180 2048 353 2116 verorum'.

340 2175 371 2243 6.
407 2172 623 2241 Silvanectes.
631 2173 654 2253 1)

341 2317 370 2383 7.
406 2316 509 2383 Leuci

269 2423 382 2490 ‘liberi’
407 2423 504 2508 (Plin.
528 2443 560 2493 n.
584 2424 617 2490 h.
641 2424 700 2504 IV,
726 2423 812 2506 106).

338 2569 368 2634 8.
404 2567 580 2650 Lingones.

268 2692 471 2776 Lingonibus
499 2690 677 2758 foederatis
706 2690 802 2774 (Plin.
825 2710 857 2755 n.
881 2691 913 2760 h.
937 2690 996 2772 IV,
1023 2691 1098 2775 106)
1133 2691 1295 2758 universis
1323 2692 1404 2766 civi-

180 2805 284 2868 tatem
307 2801 492 2866 Romanam
520 2797 610 2865 dedit
638 2796 726 2864 Otho
761 2798 941 2879 imperator
969 2797 1059 2882 (Tac.
1084 2798 1161 2865 bist.
1185 2799 1212 2881 Ι,
1238 2799 1308 2883 78);
1344 2800 1405 2866 sed

179 2910 242 2975 hoc
275 2907 404 2974 irritum
427 2907 552 2973 factum
576 2924 648 2971 esse
671 2904 817 2985 videtur,
852 2905 915 2970 nisi
949 2922 1069 2971 nomen
1103 2906 1211 2988 gentis
1246 2907 1280 2971 in
1308 2907 1404 2973 textu

180 3014 287 3081 Taciti
311 3014 343 3099 (l.
367 3014 401 3098 l.)
430 3017 619 3096 corruptum
647 3031 720 3078 esse
748 3029 822 3077 eum
845 3012 978 3079 Heraoo
1014 3011 1059 3096 (in
1083 3012 1132 3079 ed.
1157 3030 1218 3079 sua
1246 3013 1342 3080 adh.
1368 3015 1403 3095 l.)

179 3140 312 3188 censere
335 3122 455 3202 mavis3
485 3139 562 3187 nam
585 3123 702 3202 postea
725 3138 746 3186 a
770 3118 887 3186 Tacito
912 3119 1002 3204 (bist.
1026 3120 1085 3201 IV,
1115 3120 1258 3204 67-69)
1287 3120 1402 3187 foedus

178 3229 363 3312 Lingonum
391 3231 666 3295 commemoratur
694 3245 734 3294 ea
761 3227 904 3307 ratione,
940 3229 977 3294 ut
1011 3245 1097 3293 anno
1128 3227 1169 3292 70
1196 3227 1229 3294 id
1256 3227 1402 3295 voluisse

178 3336 360 3418 putandum
384 3336 437 3402 sit.

337 3481 368 3546 o.
404 3479 560 3546 Helvetii.
668 3462 670 3467 ’

266 3605 439 3672 Helvetios
454 3605 584 3671 foedere
601 3623 674 3695 cum
686 3601 845 3670 Romanis
858 3602 1049 3669 coniunctos
1065 3621 1138 3669 csse
1154 3608 1270 3670 narrat
1283 3601 1400 3669 Cicero

179 3712 222 3797 (p.
238 3712 334 3779 Balb.
352 3711 417 3795 32).
458 3710 568 3794 Caput
584 3731 706 3794 eorum
722 3710 934 3791 Aventicum,
951 3710 993 3777 ab
1009 3730 1073 3777 uno
1090 3730 1131 3777 ex
1146 3708 1399 3793 imperatoribus

178 3820 286 3902 gentis
313 3819 450 3886 Flaviae
478 3819 639 3886 coloniam
667 3819 795 3901 accepit
821 3818 960 3900 ideoque
987 3823 1140 3885 vocatur:
1177 3817 1316 3883 ‘colonia
1344 3818 1400 3898 pia

176 3926 296 3993 Flavia
323 3930 480 3992 constans
508 3925 645 3993 emerita
669 3923 954 4012 [Helv]etio[r]um
982 3926 1162 3991 foederata’
1191 3925 1399 4008 (Mommsen,

176 4033 274 4100 inscr.
299 4033 383 4108 conf.
407 4034 505 4099 Helv.
529 4052 560 4099 n.
587 4033 677 4118 175);
702 4034 742 4100 cl.
765 4054 798 4117 p.
825 4032 866 4096 12
890 4051 961 4115 sqq.

251 4320 272 4388 ι)
294 4316 420 4374 codicum
448 4316 608 4373 lectionem:
640 4316 835 4374 ‘Ulmaneetoo’
862 4316 985 4370 correxit
1012 4314 1220 4385 Zangemeister
1247 4312 1293 4376 tN.
1319 4313 1400 4372 Heid.

178 4409 274 4465 Jahrb.
295 4408 331 4467 Il.
350 4425 376 4480 p.
396 4408 450 4471 17).
