3174 4860
678 250 809 318 ...68
854 292 899 300 .-

265 448 338 512 Iam
361 447 390 512 si
412 447 476 512 hoc
498 449 588 513 recte
612 447 799 530 statuimus,
823 433 991 529 quidinde
1006 450 1174 516 lucramur
1189 449 1229 516 16
1245 451 1401 518 libertate

182 553 399 620 Chersonesi?

269 659 341 742 Quo
376 665 523 744 tempore
557 661 710 727 Plautius
745 661 887 745 Scythas
914 662 1135 749 interventu1)
1171 684 1231 730 suo
1266 665 1309 730 ab
1345 666 1400 732 ob·

179 768 304 834 sidione
326 770 531 851 removebat,
567 768 822 836 Chersonesitae
846 770 977 852 regibus
999 771 1066 836 iam
1089 790 1154 836 non
1177 772 1330 853 paruisse
1353 774 1400 838 vi·

178 873 344 959 dentur32)
368 894 445 941 nam
468 896 592 959 regum,
616 895 681 941 nen
697 877 921 942 Romanorum
944 877 1063 959 fuerat,
1086 879 1162 944 huic
1184 879 1258 944 urbi
1279 880 1400 945 auxilio

177 982 304 1064 venire,
330 982 387 1048 661
404 981 602 1067 Scytharum
625 983 865 1049 incursionibus
889 989 948 1049 aut
971 989 1071 1050 antea
1094 990 1152 1050 aut
1175 990 1245 1052 tum
1270 987 1400 1052 demum

179 1090 304 1155 sactum
328 1093 389 1171 661,
412 1094 451 1155 ut
467 1088 720 1156 Chersonesitae
744 1108 765 1155 a
787 1110 888 1174 regno
904 1091 1099 1173 Bosporano
1124 1092 1223 1157 soluti
1244 1093 1400 1160 libertate

178 1197 377 1278 fruerentur3
413 1195 545 1280 Scythis
569 1218 610 1262 ne
633 1202 799 1280 parerent,
822 1198 963 1290 Romani
985 1198 1234 1280 impediverunt.
1281 1201 1400 1282 Itaque

179 1307 237 1369 aut
264 1322 350 1368 anno
378 1304 419 1366 51
445 1308 504 1369 aut
526 1305 623 1386 paulo
648 1309 726 1370 ante
748 1305 782 1370 in
805 1305 991 1370 libertatem
1014 1305 1172 1372 vindicati
1195 1311 1273 1372 sunt
1298 1306 1399 1374 Cher-

179 1410 355 1491 sonesitae,
369 1415 457 1476 certe
469 1430 534 1475 non
547 1415 624 1476 ante
637 1410 808 1477 Strabonis
822 1416 977 1493 aetatem,
990 1412 1046 1493 qui
1052 1412 1140 1496 (VII,
1152 1415 1184 1495 4,
1194 1433 1226 1495 p.
1238 1410 1400 1500 31181309)

179 1536 235 1583 666
258 1517 461 1599 Bosporanis
485 1517 616 1600 regibus
640 1517 804 1583 subiectos
829 1537 901 1583 6666
924 1519 1036 1584 tradit.

268 1623 380 1689 Aliam
407 1624 670 1706 inscriptionem,
706 1643 771 1705 qua
799 1625 909 1707 agitur
937 1625 976 1690 16
1002 1625 1156 1692 libertate
1186 1625 1399 1694 Chersonesi·

180 1736 275 1812 tana,
312 1731 412 1797 edidit
434 1732 626 1814 Latyschev
654 1731 699 1817 (b.
723 1732 754 1798 d.
779 1751 806 1797 o.
831 1734 863 1798 h.
890 1732 985 1814 1885,
1009 1753 1041 1815 p.
1066 1733 1130 1797 270
1150 1734 1302 1802 :insen
1331 1740 1399 1802 ant.

181 1858 227 1904 cr.
258 1843 340 1920 sept.
369 1837 467 1904 Pent.
496 1838 581 1903 Bux.
612 1838 640 1919 I,
664 1858 695 1903 11.
726 1837 814 1924 199).
851 1839 994 1921 Titulus,
1023 1859 1118 1921 quem
1147 1839 1401 1909 Chersonesitae

180 1945 332 2012 Aristoni
367 1945 430 2010 civi
459 1946 540 2011 bene
566 1946 684 2010 merito
707 1951 902 2027 pesuerunt,
938 1966 1001 2028 quo
1025 1952 1172 2029 tempore
1195 1948 1324 2030 pesitus
1349 1951 1401 2032 sit,

181 2053 371 2136 ambigitur3
407 2053 470 2118 hoo
492 2052 668 2118 tenendum
692 2056 753 2133 661,
776 2052 968 2119 Aristonem
991 2055 1137 2136 legatum
1161 2054 1203 2120 ad
1225 2055 1402 2138 imperato·

181 2181 251 2227 rem
274 2161 460 2225 Romanum
487 2160 623 2225 missum
651 2179 711 2242 per
734 2178 792 2225 sex
816 2179 919 2225 annos
943 2160 976 2226 id
1000 2161 1120 2244 egisse,
1155 2166 1193 2227 ut
1215 2162 1402 2230 libertatem

183 2266 495 2334 Chersonesitanam
519 2272 669 2333 servaret
700 2274 790 2352 (ὑπέρ,
818 2286 884 2333 non
914 2275 975 2353 περὶ
1006 2280 1054 2341 τᾶς
1086 2276 1265 2356 ἐλευθερίας),
1289 2270 1405 2337 deinde

180 2376 305 2441 infecta
319 2395 355 2440 re
373 2382 607 2459 (dueppptvm)
626 2375 825 2440 discessisse.
865 2374 1013 2441 Posthac
1025 2412 1068 2421 —
1081 2394 1158 2441 nam
1175 2377 1406 2462 chronologica

181 2484 267 2549 ratio
291 2484 324 2548 in
348 2483 411 2548 hoc
435 2481 531 2547 titulo
556 2482 703 2547 adhiberi
725 2482 856 2548 videtur
878 2520 923 2528 -
947 2483 989 2549 ad
1012 2501 1123 2566 regem
1140 2483 1408 2551 Rhoemetalcem

181 2590 244 2656 ivit
267 2593 301 2656 61
325 2609 399 2655 cum
423 2608 461 2655 6ο
485 2589 599 2655 foedus
623 2589 977 2677 16611(ἐπιτετε[υ]χότα).

270 2698 343 2762 Iam
379 2697 563 2778 quaeritur,
597 2697 745 2778 quisnam
782 2697 827 2762 sit
860 2697 914 2763 ille
949 2697 1215 2779 Rhoemetalces,
1257 2698 1409 2780 quisnam

184 2815 198 2872 ὁ
229 2813 294 2878 θεὸς
320 2811 462 2888 Σεβαστός.
504 2805 687 2870 Mommsen
705 2804 764 2888 (int
781 2805 916 2888 Lcewp,
939 2804 1066 2870 Inschr.
1080 2824 1129 2887 gr.
1141 2805 1263 2886 Bildh.,
1279 2826 1310 2871 n.
1329 2803 1408 2892 331)

183 2921 229 2979 τὸν
259 2920 324 2980 θεὸν
350 2919 485 2997 Σεβαστὸν
507 2930 579 2976 6666
592 2912 702 2977 divum
714 2910 904 2993 Augustum
917 2912 1097 2977 arbitratus
1111 2911 1151 2977 de
1162 2913 1410 2997 Rhoemetalce,

185 3020 350 3085 Thracum
373 3038 451 3102 rege
475 3018 685 3102 (Mommsen,
714 3019 787 3099 eph.
813 3037 862 3099 ep.
887 3018 932 3098 Π,
957 3038 988 3099 p.
1014 3018 1089 3100 254,
1113 3038 1144 3083 n.
1170 3017 1214 3102 5),
1239 3020 1410 3103 cogitavit.

273 3127 383 3192 Aliter
416 3126 456 3191 16
492 3130 639 3207 tempore
674 3124 896 3206 inscriptionis
931 3125 1090 3191 iudicavit
1123 3125 1313 3210 durgievicz
1353 3127 1410 3210 (of.

184 3233 443 3317 Latyschevium
459 3233 507 3297 in:
531 3233 562 3297 b.
579 3232 609 3298 1.
636 3251 663 3298 e.
687 3232 718 3296 h.
746 3231 841 3312 1885,
865 3252 896 3313 p.
922 3231 986 3295 270
1011 3232 1110 3316 sqq.);
1134 3232 1188 3298 ille
1212 3233 1313 3315 enim,
1338 3253 1412 3301 cum

185 3341 249 3406 nisi
264 3341 304 3407 (16
319 3341 514 3422 Bosporano
530 3358 608 3421 rege
624 3339 868 3420 Rhoemetalce,
884 3343 1044 3422 regnante
1060 3339 1149 3405 intra
1169 3358 1272 3406 annos
1298 3341 1359 3404 131
1379 3346 1414 3407 61

188 3448 250 3511 153
268 3448 480 3532 (Latyschev,
503 3447 601 3512 inser.
618 3452 686 3511 ant.
711 3465 757 3512 or.
782 3450 864 3528 sept.
888 3446 986 3511 Pont.
1011 3447 1095 3512 Bux.
1119 3447 1165 3528 H,
1188 3468 1220 3530 p.
1236 3448 1414 3531 XLVIII),

186 3573 251 3620 non
265 3554 475 3637 cogitandum
493 3573 565 3619 6666
579 3557 738 3634 censeret,
765 3562 811 3618 τὸν
837 3560 902 3620 θεὸν
924 3560 1059 3639 Σεβαστὸν
1081 3553 1191 3619 divum
1203 3554 1412 3622 Hadrianum

188 3681 260 3728 6666
276 3660 417 3744 putavit,
441 3662 499 3727 sed
516 3661 637 3741 obstat,
662 3660 749 3742 quod
771 3660 867 3726 huius
888 3679 967 3726 usus
991 3660 1096 3726 vocis:
1132 3667 1267 3747 Σεβαστός
1287 3663 1412 3730 nullum

190 3770 372 3852 exemplum
408 3769 517 3835 affemi
551 3773 672 3851 potest.
722 3768 840 3850 Itaque
874 3768 1070 3833 Mommseni
1103 3769 1268 3835 sententia
1302 3771 1413 3851 potius

190 3877 357 3958 sequenda
379 3876 518 3942 videtur.
565 3876 637 3941 Iam
661 3876 819 3941 habemus
844 3875 925 3942 duas
949 3875 1179 3958 inscriptiones
1208 3876 1322 3942 eadem
1345 3877 1414 3942 fere

190 3987 301 4050 aetate
328 3983 469 4065 positas,
499 3981 614 4063 quibus
646 3983 686 4048 16
720 3982 873 4048 libertate
903 3981 1183 4049 Chersonesitana
1217 3983 1327 4065 agitur
1355 3988 1415 4049 aut

262 4160 283 4231 ¹)
303 4159 427 4219 dubium.
446 4175 513 4213 num
533 4174 595 4213 eum
614 4159 739 4215 exercitu
755 4160 815 4230 ipse
829 4158 962 4227 adfuerit3
982 4159 1087 4231 optime
1100 4159 1256 4215 Mommsen
1270 4158 1314 4228 (R.
1325 4157 1356 4214 G.
1369 4158 1416 4229 V',

192 4266 219 4320 p.
242 4251 302 4315 198)
322 4249 417 4303 vertit:
440 4248 616 4306 „bestimmte
636 4265 674 4318 er,
694 4249 865 4305 ahzustehen
883 4267 907 4304 v.
928 4249 953 4305 1.
973 4249 1176 4317 Belagerung“.

263 4339 285 4404 ²)
305 4343 427 4392 ceterum
452 4336 484 4392 cl.
512 4353 553 4405 ee,
579 4354 650 4409 qnae
668 4356 693 4394 v.
713 4338 802 4395 Sallet
821 4338 900 4408 (af.
928 4338 1010 4394 Num.
1036 4337 1081 4405 lv,
1110 4339 1263 4394 ata-2171
1283 4337 1415 4407 exposuit

192 4427 226 4483 de
247 4443 360 4483 nummo
381 4427 630 4484 Chersonesitano:
653 4426 963 4500 anclluvpovcuc,
982 4427 1080 4483 eodem
1097 4425 1156 4482 fore
1174 4428 1300 4498 tompore
1319 4441 1397 4483 cuso.
