3174 4860
287 1187 493 1327 Quicunque
520 1242 563 1310 ad
590 1239 837 1309 describendum
865 1241 990 1306 statum
1014 1236 1198 1304 civitatium
1220 1235 1397 1302 liberarum

180 1357 401 1435 accesserunt,
426 1370 538 1419 eorum
560 1348 694 1416 nomina
717 1348 856 1415 contulit
877 1345 1074 1430 Marquardt
1096 1342 1158 1430 (St.
1174 1343 1215 1410 V.
1232 1340 1274 1424 1²,
1293 1363 1325 1425 p.
1344 1343 1396 1425 73,

180 1475 210 1524 a.
235 1458 283 1541 6);
307 1459 414 1526 ultimi
437 1456 634 1541 Marquardt
655 1456 689 1542 (l.
706 1456 726 1521 l.
743 1452 786 1537 1²,
809 1475 841 1537 p.
867 1453 907 1517 71
925 1452 1010 1538 sqq.)
1027 1457 1061 1519 et
1076 1453 1258 1518 Mommsen
1281 1448 1342 1534 (St.
1355 1451 1396 1516 R.

178 1564 241 1646 HI,
265 1586 296 1648 p.
314 1565 378 1630 653
395 1565 491 1651 sqq),
515 1561 727 1648 nuperrime)
750 1561 876 1628 Mitteis
901 1558 1132 1647 (Reichsrecht
1150 1578 1180 1624 u.
1199 1557 1398 1624 Volksrecbt

178 1672 199 1738 i.
224 1671 254 1738 d.
279 1672 353 1739 o'stl.
369 1672 469 1739 Prov.
492 1672 522 1738 d.
538 1672 633 1738 Rom.
650 1669 757 1750 Kais,
781 1689 812 1751 p.
831 1667 974 1751 85-89)
998 1667 1038 1734 de
1062 1685 1102 1734 ea
1125 1686 1161 1734 re
1185 1665 1396 1748 scripserunt.

182 1780 295 1862 Atque
319 1799 392 1846 cum
417 1780 538 1862 optime
554 1779 736 1845 Mommsen
758 1776 790 1862 (l.
807 1777 827 1842 l.
844 1796 875 1858 p.
894 1775 958 1839 663
975 1773 1059 1858 sqq.)
1084 1779 1118 1840 et
1139 1774 1213 1840 iura
1236 1777 1270 1840 et
1293 1773 1400 1841 officia

181 1905 293 1954 earum
316 1886 500 1953 civitatium
524 1885 726 1968 explicuerit,
749 1902 846 1966 nunc,
870 1901 910 1950 no
933 1901 1068 1965 prorsus
1085 1882 1125 1948 de
1147 1881 1269 1948 liberae
1292 1882 1399 1948 cuius·

178 1994 258 2061 libet
294 1993 384 2060 urbis
423 1999 514 2060 statu
552 1993 788 2077 ambigeretur,
834 1991 878 2058 ad
916 1989 1173 2073 componendum
1211 1990 1398 2073 catalogum

180 2101 363 2168 civitatium
393 2101 569 2167 liberarum
597 2099 806 2166 accessimus.
853 2096 960 2179 Saepe
992 2097 1076 2163 enim
1104 2096 1229 2162 factum
1260 2101 1326 2179 est,
1360 2103 1399 2164 ut

178 2208 338 2273 immunes
365 2207 518 2274 civitates
550 2225 571 2273 a
597 2206 707 2273 liberis
735 2209 997 2285 secernerentur,
1025 2203 1096 2270 sine
1119 2202 1250 2270 foedere
1276 2203 1398 2272 liberae

181 2332 254 2380 cum
281 2314 459 2381 foederatis
488 2314 790 2394 commiscerentur3
825 2312 938 2393 itaque
973 2310 1013 2377 de
1040 2310 1176 2394 singulis
1204 2310 1397 2394 rationibus

178 2421 264 2487 unde
286 2421 421 2488 libertas
439 2439 552 2488 earum
575 2420 759 2487 civitatium
775 2422 1003 2503 cognoscatur,
1026 2416 1242 2499 praefandum
1258 2418 1397 2485 videtur.

682 2617 894 2628 —----·-—

771 2795 802 2872 Ι.

268 2954 360 3023 Inter
382 2956 502 3023 liberas
526 2955 694 3037 civitates,
718 2972 803 3038 quac
826 2956 999 3035 vocantur,
1022 2954 1052 3021 ei
1075 2954 1186 3037 populi
1209 2959 1394 3037 versantur,

185 3063 301 3146 quibus
325 3063 460 3128 libertas
480 3063 635 3130 beneficio
660 3081 719 3128 seu
733 3067 869 3129 senatus
885 3081 944 3128 seu
969 3061 1165 3144 populirseu
1192 3061 1400 3144 imperatoris

180 3171 323 3237 Romani
356 3174 417 3258 aut
450 3169 530 3235 data
563 3175 622 3236 aut
656 3169 812 3243 restituta
846 3173 906 3235 ant
933 3168 1127 3234 confirmata
1155 3173 1207 3234 est
1233 3170 1398 3236 —certis

180 3279 306 3363 legibus
336 3277 593 3360 circumscripta.
639 3279 725 3343 Nam
754 3281 812 3344 aut
840 3295 901 3343 sua
929 3280 1045 3359 sponte
1074 3280 1133 3343 aut
1159 3276 1235 3341 belli
1262 3277 1332 3342 iure
1366 3277 1400 3342 in

180 3386 277 3452 fidem
301 3389 360 3452 aut
383 3383 542 3450 dicionem
566 3385 677 3467 populi
700 3384 841 3451 Romani
864 3389 1094 3468 transgressae
1117 3384 1180 3449 hae
1202 3383 1355 3450 civitates
1379 3402 1400 3449 a

182 3493 342 3559 Romanis
366 3492 488 3558 liberae
512 3510 585 3557 esse
608 3491 801 3559 iubentur.
840 3491 919 3558 Alia
941 3510 1070 3580 quoque
1093 3491 1221 3557 ratione
1246 3491 1398 3557 civitates

180 3600 367 3667 libertatem
392 3599 619 3665 confirmatam
643 3617 663 3664 a
686 3599 844 3665 Romanis
879 3598 941 3664 sibi
977 3617 1111 3665 servare
1134 3602 1285 3680 possunt:
1306 3616 1397 3664 ·nam

181 3707 372 3789 priusquam
394 3705 429 3770 in
452 3705 548 3771 fidem
573 3709 632 3770 aut
654 3705 814 3771 dicionem
836 3705 1060 3771 Romanorum
1083 3705 1233 3785 veniant,
1269 3704 1399 3770 foedere

181 3833 216 3879 se
245 3833 319 3879 cum
342 3812 388 3878 eis
412 3812 566 3895 inligant,
601 3816 639 3877 ut
665 3810 873 3877 iureiurando
897 3811 1091 3894 interposito
1116 3812 1175 3877 sub
1199 3812 1298 3877 certis
1322 3829 1398 3877 con·

183 3919 363 3986 dicionibus
397 3919 533 3985 libertas
557 3919 604 3984 eis
639 3922 808 4000 tamquam
836 3922 972 3984 aeterna
995 3922 1155 3985 servetur.
1201 3918 1314 3999 Atque
1337 3913 1400 3983 had

182 4027 316 4110 (liberae
340 4025 385 4108 et)
409 4026 608 4106 foederatae,
632 4025 707 4090 illae
731 4023 816 4111 (sine
839 4024 981 4108 foedere)
1006 4025 1128 4090 liberae
1151 4028 1321 4091 vocantur.

254 4238 275 4307 ¹)
294 4235 483 4305 Hegelmaieri
501 4237 573 4293 liber
591 4234 803 4304 (Grundeigent
821 4236 839 4292 i.
853 4234 898 4291 off.
912 4233 1010 4306 Recht,
1028 4235 1094 4291 diss.
1114 4234 1207 4306 inaug.
1229 4235 1320 4306 Tub.),
1339 4251 1402 4290 cum

182 4326 217 4383 de
234 4326 394 4382 civitatibus
417 4325 513 4381 liberis
533 4328 568 4396 (p.
588 4328 604 4382 7
624 4328 697 4396 sqq.)
715 4324 786 4379 nibil
804 4325 867 4381 novi
886 4323 997 4394 erent,
1026 4324 1100 4380 haud
1123 4325 1181 4380 scio
1204 4341 1241 4380 an
1268 4323 1399 4380 hocloco

180 4432 237 4472 non
256 4415 384 4495 citandus
404 4416 455 4471 est

1192 4504 1213 4557 1,
