3174 4860
684 218 905 284 ...60-

271 412 324 478 De
340 411 484 478 'Phraoia
507 430 594 477 auno
610 412 654 476 46
678 413 711 478 in
727 414 917 495 provinciae
933 413 1072 478 formam
1088 412 1226 479 redacta
1241 412 1407 481 Eusebius

183 518 310 604 (ohron.
334 540 365 601 p.
393 519 470 584 153:
506 517 649 601 Sohdue)
683 520 826 602 rettth3
863 520 903 585 of.
939 520 978 585 de
1014 538 1054 585 ea
1081 539 1118 585 ro
1140 520 1407 603 Marquardtium

185 623 249 710 (St.
274 626 314 691 V.
338 623 380 707 12,
403 646 435 708 p.
453 625 547 710 313);
572 645 679 707 nemo,
702 646 743 691 55
764 626 940 692 Suetonius
965 626 1105 709 quidem,
1131 627 1170 693 de
1189 628 1324 694 reddita
1348 633 1408 693 aut

182 733 313 815 regibus
337 735 395 799 aut
417 732 563 798 libertati
586 733 740 814 Thracia,
765 751 859 799 nemo
882 737 1016 815 praeter
1032 732 1226 799 Suetonium
1243 732 1278 820 (l.
1296 733 1407 819 prop.)

183 838 224 905 de
246 840 400 905 libertate
423 840 543 906 iterum
566 840 722 922 adempta
746 840 848 905 verba
870 840 959 906 feeit.

272 945 308 1013 Si
332 945 493 1012 ‘Ciliciam
517 951 552 1013 et
575 946 835 1030 Commagenen,
869 948 981 1030 regiae
1015 967 1119 1030 usque
1149 948 1192 1015 ad
1218 947 1253 1013 id
1275 953 1407 1030 tempus

186 1053 332 1120 dioionis'
349 1052 435 1119 idem
450 1055 564 1120 valere
579 1058 734 1136 putamus
748 1072 788 1120 ao
803 1073 940 1138 regnum
951 1054 1111 1120 Antiochi
1126 1054 1213 1137 regis
1228 1053 1408 1140 (Borghesi

184 1180 294 1228 oouvr.
310 1161 373 1243 ΠΙ,
389 1181 421 1243 p.
439 1158 611 1247 2735274),
636 1159 813 1227 Suetonius
830 1160 865 1246 (l.
882 1163 989 1245 prop.)
1006 1162 1158 1244 congruit
1174 1180 1248 1227 oum
1262 1161 1406 1244 Iosopho

170 1269 271 1355 (bell.
294 1269 389 1350 Vffl,
415 1267 460 1354 7).

269 1376 342 1442 Iam
365 1394 528 1442 summam
551 1377 712 1443 faciamus
736 1378 776 1444 de
799 1377 896 1443 huius
919 1377 982 1443 looi
1004 1377 1079 1442 fide.

271 1484 377 1549 Recte
412 1503 448 1549 so
482 1484 607 1549 habent
641 1503 694 1550 res
724 1485 764 1550 do
788 1484 919 1550 Achaia
947 1484 1044 1550 etde
1069 1482 1185 1550 Cilicia
1209 1502 1283 1549 oum
1307 1481 1406 1550 Com·

183 1609 321 1674 magone
338 1591 513 1657 ooniunota
528 1596 700 1674 narratam
724 1592 770 1657 nil
786 1596 918 1658 constat
933 1591 973 1657 do
986 1591 1096 1672 Samo,
1114 1591 1212 1657 dubia
1227 1593 1280 1656 est
1294 1610 1348 1656 res
1366 1591 1407 1657 de

181 1697 356 1782 Byzantio.
403 1698 504 1764 Falso
522 1699 659 1764 tradidit
675 1698 850 1765 Suetonius
867 1698 907 1765 de
931 1698 1084 1779 Thracia,
1108 1717 1225 1780 parum
1249 1704 1407 1765 aoourate

182 1804 222 1871 de
245 1805 361 1889 Lyoia,
384 1824 501 1888 pamm
525 1805 707 1889 diligenter,
732 1806 885 1902 fortasse·
900 1807 1000 1871 etiam
1023 1806 1107 1871 falso
1132 1806 1172 1872 de
1195 1805 1323 1873 Rhodo.

271 1913 415 1978 Thraoia
437 1914 577 1980 subacta
601 1919 690 1980 oerte
708 1911 847 1979 Claudio
864 1913 1038 1979 tribuenda
1055 1919 1116 1994 555,
1140 1913 1226 1978 idem
1242 1913 1282 1978 de
1297 1912 1407 1995 Lycia

181 2019 325 2101 videtum
361 2020 499 2087 Rhodiis
533 2021 707 2103 ademptae
737 2020 900 2086 libertatis
933 2021 1055 2085 montio
1088 2020 1162 2103 ipsa
1189 2037 1318 2102 quoque
1353 2038 1405 2085 re·

183 2127 323 2208 quiritur
345 2127 380 2192 in
402 2127 473 2194 vita
497 2126 564 2193 divi
580 2125 720 2193 Claudii.
756 2126 869 2209 Atque
892 2128 953 2193 has
977 2132 1045 2193 tres
1069 2147 1123 2193 res
1140 2125 1317 2193 Suetonius
1338 2144 1405 2192 uno

182 2234 253 2300 looo
278 2235 409 2301 tradere
432 2234 558 2317 debuit;
592 2253 669 2300 nam
704 2253 777 2300 oum
811 2254 876 2299 non
912 2235 1157 2318 ohronologiam
1188 2239 1321 2300 seoutus
1350 2252 1404 2299 res

183 2345 330 2423 enarret,
366 2342 423 2407 sed
451 2341 572 2408 similes
607 2342 694 2408 inter
728 2361 764 2408 55
788 2347 963 2424 55555555
987 2342 1040 2426 (55
1063 2340 1178 2407 Claud.
1211 2340 1268 2406 25:
1298 2341 1406 2424 Lycia

180 2466 211 2518 a.
228 2448 283 2529 43,
306 2449 442 2515 Rhodus
467 2468 497 2515 a.
514 2449 583 2534 53),
607 2469 720 2515 55555
744 2450 805 2517 has
829 2469 882 2516 res
903 2450 1026 2515 referre
1042 2449 1155 2516 debuit
1177 2449 1211 2513 in
1235 2445 1404 2529 55515525

180 2555 271 2622 vitae
295 2556 362 2622 divi
385 2555 525 2622 Claudii.

267 2664 343 2729 Hoc
379 2664 481 2747 igitur
514 2664 586 2729 looo
625 2662 801 2730 Suetomus
840 2684 893 2730 res
931 2663 1045 2729 similis
1086 2663 1272 2746 argumenti
1310 2668 1344 2728 et
1383 2681 1405 2728 a

180 2768 318 2836 Claudio
342 2775 376 2837 55
399 2790 420 2837 a
440 2771 646 2853 Vespasiano
674 2775 788 2854 gestas
819 2771 901 2836 miro
925 2770 1021 2835 modo
1050 2770 1236 2836 confudisse
1263 2769 1406 2851 videtur,

178 2882 216 2943 ut
244 2896 322 2959 pars
350 2894 462 2944 earum
490 2898 609 2959 rerum,
639 2897 721 2961 quas
748 2877 955 2960 Vespasiano
980 2876 1113 2959 addicit,
1143 2876 1281 2943 Claudio
1308 2877 1405 2942 attri-

180 2984 309 3050 buenda
332 2985 386 3051 sit.

273 3090 368 3173 Quod
392 3092 533 3160 sirecte
557 3092 691 3174 conieci,
716 3097 805 3158 uerte
827 3091 933 3174 Lyoia
957 3090 1001 3178 (a.
1018 3092 1088 3176 43),
1111 3093 1248 3158 Rhodus
1273 3090 1318 3176 (a.
1335 3089 1405 3177 44),

181 3199 325 3267 Thracia
341 3198 386 3285 (a.
403 3201 459 3280 46)
484 3201 574 3266 vitae
591 3199 722 3266 Claudii
745 3217 817 3280 oap.
835 3197 877 3260 85
902 3199 1132 3265 attribuendae
1157 3204 1244 3279 sunt,
1270 3199 1310 3264 de
1335 3199 1404 3283 By·

124 3306 128 3314 '
182 3307 292 3373 nautio
317 3313 351 3374 55
374 3306 473 3373 Samo
499 3307 576 3373 lioet
600 3306 752 3372 dubitari.

269 3413 424 3496 Causam,
437 3415 523 3481 unde
536 3414 684 3481 Suetonii
697 3424 789 3480 error
800 3419 899 3480 natus
916 3414 970 3495 sit,
988 3418 1113 3481 oertam
1130 3415 1247 3481 afferre
1260 3433 1402 3497 nequoo;

179 3521 241 3586 hoo
275 3541 407 3588 moneo:
443 3527 581 3605 uterque
616 3521 767 3587 Suetonii
801 3523 891 3587 loeus
925 3522 1041 3604 inoipit
1070 3522 1111 3587 ab
1134 3521 1287 3588 Achaiae
1310 3527 1404 3588 statu

180 3633 324 3711 mutat03
349 3648 393 3695 an
416 3629 490 3696 inde
507 3628 683 3695 Suetonius
700 3629 855 3695 aberrare
878 3629 1033 3711 potuerit,
1058 3629 1190 3695 dubium
1205 3629 1402 3710 relinquam.

178 3736 254 3802 Hoo
276 3741 388 3803 tamen
411 3741 554 3818 5555555,
578 3755 644 3801 555
668 3736 749 3802 adeo
765 3735 842 3801 huio
864 3737 936 3800 looo
954 3736 1068 3820 (Vesp.
1086 3734 1121 3819 8)
1144 3736 1240 3801 fidem
1257 3735 1402 3801 tribuen-

178 3842 255 3911 dam
289 3863 377 3925 5555,
413 3848 451 3910 55
486 3864 511 3910 5.
537 3864 568 3928 g.
593 3862 666 3909 oum
690 3843 856 3908 'Preubero
881 3841 1016 3927 (Cesoh.
1048 3842 1078 3908 d.
1102 3843 1241 3925 Lykier‚
1265 3862 1296 3923 p.
1322 3841 1402 3926 208)

179 3955 315 4034 propter
349 3952 412 4017 hoo
446 3950 542 4017 unius
567 3949 715 4016 Suetonii
743 3949 966 4015 testimonium
994 3949 1106 4033 Lyoiis
1136 3968 1157 4014 a
1183 3949 1315 4015 Nerone
1343 3953 1403 4014 aut

180 4075 201 4124 a
225 4056 335 4124 Galba
357 4059 544 4124 hbertatem
568 4057 731 4124 redditam
756 4075 829 4123 esse
852 4061 1015 4138 putemus

266 4163 319 4230 nx
343 4166 389 4231 eis
413 4164 532 4246 verbis
557 4183 642 4246 quae
665 4163 761 4228 modo
785 4163 857 4244 feci,
882 4163 949 4228 iam
972 4163 1174 4245 intellegitur
1197 4163 1277 4243 fore,
1301 4166 1348 4242 55,
1373 4162 1402 4228 si

178 4271 320 4337 'lumebi
338 4271 371 4356 (l.
389 4271 425 4355 l.)
443 4275 477 4336 et
491 4269 712 4353 Marquardtii
728 4268 791 4354 (St.
808 4271 849 4336 V.
866 4267 908 4350 12,
925 4290 955 4351 p.
974 4270 1050 4349 313,
1068 4287 1097 4334 a.
1116 4268 1161 4353 8),
1179 4268 1401 4334 oonieoturam

177 4377 427 4462 supradictam
456 4377 679 4459 aooiperemus
708 4375 895 4442 scribentis:
932 4376 1106 4442 ‘trachiam
1136 4373 1295 4442 Ciliciam'
1324 4392 1400 4457 pro:
