3174 4860
737 246 959 310 -12-

268 432 269 437 ’
326 436 399 502 lam
423 449 583 506 summam
607 441 702 507 huius
726 440 775 507 rei
798 440 967 506 faciamus,

327 542 475 611 Primum
498 565 562 612 non
582 551 723 629 constat,
748 566 833 628 quae
857 547 900 612 sit
922 546 973 612 vis
989 548 1164 614 verborum
1190 555 1260 633 ἱερὸς
1281 553 1329 614 καὶ
1349 551 1461 619 ἄσυλος

239 649 324 732 asyli
357 650 408 716 ius
437 652 614 735 significari
644 675 709 722 non
742 655 888 738 videtur3
924 655 1040 722 deinde
1070 655 1261 723 autonomia
1288 674 1352 720 non
1376 654 1462 720 idem

238 756 343 837 valet,
378 759 464 839 quod
486 759 631 828 libertas.
677 762 759 837 Inde
782 762 930 844 sequitur
952 782 1057 844 neque
1092 782 1132 828 ex
1160 762 1295 829 vocibus
1321 768 1393 847 ἱερὸς
1413 768 1463 828 και

239 866 337 936 ἄσυλος
361 883 467 947 neque
490 887 529 933 ex
544 867 616 934 iure
631 868 717 952 asyli
732 855 856 950 aliquid
870 868 955 934 eifioi
970 869 1068 935 lioere
1093 868 1132 935 de
1153 868 1306 935 libertate
1321 868 1460 934 urbium.

746 1085 957 1093 ...m-

814 1299 886 1375 III.

228 1520 229 1524 ,
327 1455 509 1523 Mommsen
545 1457 606 1541 (St.
631 1459 671 1525 R.
695 1460 756 1526 HI.
781 1480 813 1542 p.
839 1458 996 1544 7061707)
1031 1459 1095 1525 nisi
1128 1458 1238 1525 liberis
1274 1458 1462 1523 civitatibus

238 1561 433 1643 permissum
457 1563 558 1630 luisse
581 1571 694 1649 negat,
718 1570 756 1632 ut
779 1585 838 1633 suo
861 1586 952 1632 more
975 1584 1104 1632 menses
1128 1565 1262 1646 diesque
1284 1568 1460 1645 vocarent3

240 1668 327 1751 quod
343 1688 540 1752 quamquam
557 1676 646 1738 oerto
660 1673 878 1739 demonstrari
895 1673 1018 1755 nequit,
1035 1677 1147 1739 tamen
1162 1672 1216 1739 ille
1231 1670 1428 1738 testimoniis
1435 1669 1463 1755 ¹)

184 1817 186 1822 -
239 1775 379 1857 probare
402 1776 523 1844 studet.
561 1780 614 1845 De
634 1779 723 1862 Tyra
746 1782 826 1847 urbe
850 1781 882 1866 (l.
898 1782 919 1847 l.
937 1800 967 1847 a.
991 1779 1037 1865 4),
1061 1799 1134 1846 eum
1158 1798 1198 1846 ea
1221 1798 1314 1845 suam
1338 1777 1462 1844 dierum

239 1880 509 1965 significationem
525 1887 695 1953 Romanae
715 1888 848 1970 adiciat,
871 1889 948 1955 lieet
968 1888 1121 1955 dubitari.
1159 1889 1277 1968 ltaque
1301 1905 1374 1952 oum
1389 1903 1463 1967 pro·

240 1989 421 2056 habilitatis
445 1993 586 2075 speeiem
603 1997 732 2062 tantum
754 2014 835 2078 prae
858 2015 894 2062 se
916 1996 1003 2062 ferat
1017 1994 1212 2061 Mommseni
1236 1993 1356 2076 opinio,
1379 1996 1464 2058 tam·

243 2114 340 2177 quam
363 2099 547 2180 probabilia
562 2101 747 2168 huiusmodi
763 2103 953 2169 testimonia
975 2102 1018 2169 ad
1035 2103 1180 2186 singulas
1195 2101 1293 2167 urbes
1317 2100 1464 2166 afferam.

817 2516 886 2597 IV.

332 2675 553 2742 Transeamus
587 2695 673 2743 nune
696 2677 739 2743 ad
762 2695 819 2744 eas
841 2678 955 2759 urbes,
991 2696 1085 2759 quae,
1121 2693 1319 2758 quamquam
1341 2674 1465 2741 liberae

243 2786 414 2862 vocantur,
439 2787 550 2849 tamen
566 2783 653 2850 inter
669 2783 821 2850 civitates
844 2784 965 2851 liberas
980 2783 1108 2849 uersari
1123 2801 1188 2848 non
1203 2781 1367 2862 videntur,
1392 2780 1464 2846 dieo

244 2889 365 2956 liberas
389 2889 534 2956 colonias
559 2895 593 2957 et
614 2892 718 2958 libera
740 2892 926 2974 municipia.

331 2997 513 3063 Mommsen
538 2997 599 3083 (St.
616 2999 656 3064 R.
680 2999 743 3080 ΙΠ,
766 3019 798 3081 p.
817 2999 891 3080 793,
917 3017 947 3064 a.
964 3001 1000 3079 43
1026 2997 1101 3078 811,
1126 3016 1156 3063 a.
1175 2996 1218 3080 1),
1243 3015 1315 3062 eum
1340 2996 1466 3077 aliquot

243 3105 340 3170 urbes
364 3104 477 3170 eodem
500 3110 647 3188 tempore
663 3106 758 3172 modo
776 3105 933 3187 coloniae,
957 3104 1053 3171 modo
1075 3104 1198 3172 liberae
1215 3123 1287 3170 esse
1303 3102 1465 3182 dieantur,

244 3212 328 3277 haee
350 3211 478 3277 urbium
501 3212 575 3278 iura
594 3213 643 3279 ita
665 3213 751 3279 inter
772 3232 808 3279 se
824 3211 1051 3295 coniungenda
1073 3212 1215 3295 putavit,
1238 3215 1276 3277 ut
1290 3211 1352 3276 has
1367 3210 1465 3276 urbes

246 3317 390 3384 oolouias
414 3320 598 3401 Romanas,
627 3320 684 3387 sed
707 3320 828 3386 liberas
850 3321 871 3386 i.
897 3341 924 3386 e.
948 3319 1121 3402 peregrino
1144 3320 1215 3387 iure
1238 3323 1369 3384 utentes
1393 3335 1466 3383 esse

245 3423 368 3491 dieeret
390 3426 434 3509 (p.
460 3425 534 3508 793,
558 3444 589 3492 a.
613 3427 657 3511 4).
702 3426 783 3493 Inde
807 3446 864 3493 aas
900 3427 1030 3493 ‘liberas
1058 3426 1213 3492 eolonias'
1240 3431 1354 3506 voeat3
1390 3430 1467 3489 sunt

246 3536 355 3598 autem
379 3533 456 3599 hae:
480 3532 616 3615 Patrae,
641 3532 791 3616 Curubis
815 3534 983 3615 Neapolis,
1006 3534 1117 3617 Hippo
1140 3529 1384 3616 Diarrhytus.²)

335 3637 448 3721 Atque
471 3640 503 3705 in
528 3640 738 3722 disquirenda
760 3642 823 3707 hae
846 3641 1038 3722 quaestione
1062 3641 1211 3707 aPatris
1235 3638 1466 3706 exordiendum

246 3752 312 3828 est3
335 3765 412 3813 nam
435 3747 476 3813 de
498 3747 631 3829 reliquis
655 3748 701 3814 nil
723 3748 791 3814 lere
815 3749 945 3814 seimus.

334 3852 518 3938 Augustus,
541 3859 579 3920 ut
600 3854 704 3921 tradit
724 3854 912 3922 Pausanias
937 3857 1025 3940 (VH,
1051 3856 1102 3936 18,
1128 3855 1177 3941 7);
1210 3865 1298 3923 ἔδωκε
1319 3862 1369 3939 μὲν
1390 3861 1467 3922 ἐλευ-

247 3959 338 4040 θέροις
359 3959 488 4041 Ἀχαιῶν
509 3960 602 4038 μόνοις
621 3964 676 4027 τοῖς
696 3960 847 4040 Πατρεῦσιν
869 3961 952 4034 εἶναι,
973 3965 1062 4023 ἔδωκε
1083 3961 1183 4023 δὲκαὶ
1204 3960 1232 4027 ἐς
1251 3960 1286 4021 τὰ
1306 3959 1375 4021 ἄλλα
1398 3959 1465 4039 γέρα

248 4067 341 4146 σφίσιν,
373 4065 458 4127 ὁπόσα
491 4070 547 4132 τοῖς
567 4066 688 4134 ἀποίκοις
719 4068 809 4145 νέμειν
830 4069 856 4129 οἱ
879 4068 1017 4147 Ῥωμαῖοι
1048 4068 1206 4146 ruptionem.
1258 4059 1323 4127 Sed
1358 4062 1466 4126 Status

191 4323 200 4345 ⁸
320 4329 338 4398 ¹)
357 4325 402 4383 his
421 4325 493 4383 adde
509 4325 721 4398 inscriptionem
740 4325 905 4399 Gyniuenam
924 4328 969 4397 (ll.
989 4326 1016 4385 d.
1034 4328 1070 4384 A.
1088 4325 1111 4385 1.
1128 4326 1195 4384 utu.
1216 4328 1294 4397 1891,
1312 4343 1339 4400 p.
1361 4327 1436 4396 141).
1458 4379 1459 4383 ,

320 4416 342 4485 ²)
361 4413 396 4470 de
415 4414 497 4472 Samo
515 4433 539 4471 v.
559 4414 641 4474 catal.
660 4431 682 4474 s.
701 4431 742 4476 a:
760 4415 870 4474 Samus.
