3174 4860
685 225 905 290 ..65-

183 422 225 488 R.
250 419 291 487 G.
315 421 394 502 111⁸,
417 441 449 502 p.
474 418 544 503 64);
580 423 788 503 expugnatae
816 437 837 485 5
859 418 1033 486 Pharnace
1067 421 1140 488 urbi
1169 419 1247 506 (Str.
1270 421 1351 505 XII,
1375 423 1407 505 3,

182 549 216 610 p.
233 525 311 611 547)
334 526 520 593 libertatem
543 525 690 592 restituit
713 524 750 593 Ο.
768 525 894 592 Caesar
917 545 1003 592 anno
1020 525 1142 595 707547
1168 527 1223 613 (D.
1241 526 1336 596 Cass.
1352 530 1406 613 42,

181 635 241 717 483
266 633 332 700 Str.
356 635 377 699 l.
401 632 445 717 1.).

271 740 326 807 Ab
342 740 488 806 Antonio
509 740 587 806 urbs
611 740 760 824 tyrannis
784 740 909 807 tradita
925 741 966 806 ab
983 739 1138 825 Augusto
1162 747 1239 824 post
1261 762 1406 827 pugnam

182 848 358 915 Actiacam
381 847 415 912 in
437 847 623 913 libertatem
646 847 802 913 restituta
826 851 877 914 est
893 846 973 933 (Str.
990 849 1011 914 l.
1028 848 1072 933 l.).
1106 847 1253 930 Quocum
1278 856 1405 918 certare

182 956 315 1022 videtur
350 972 429 1021 aera
451 953 613 1019 Amisene
646 953 804 1035 incipiens
833 954 875 1020 ab
899 973 984 1020 anno
1011 952 1132 1022 721t33
1158 957 1281 1040 (Head,
1316 958 1348 1023 b.
1372 977 1404 1025 n.

182 1085 214 1145 p.
232 1061 324 1146 425);
347 1081 453 1144 neque
476 1066 588 1127 tamen
604 1080 733 1142 semper
749 1080 828 1127 aera
851 1061 940 1127 urbis
965 1081 1038 1128 cum
1054 1061 1208 1130 libertate
1223 1063 1304 1131 data
1327 1084 1403 1131 con·

180 1169 345 1254 iungenda
357 1169 500 1250 videtur3
525 1173 614 1234 recte
630 1167 773 1234 fortasse
786 1167 893 1234 Cuntz
910 1169 954 1253 (J.
968 1169 990 1235 f.
1007 1169 1046 1235 cl.
1059 1167 1144 1236 Phil.
1166 1171 1217 1236 17.
1231 1170 1264 1238 S.
1283 1193 1314 1254 p.
1328 1170 1404 1254 505,

181 1297 212 1344 a.
227 1277 259 1362 6)
282 1277 410 1342 monuit
432 1277 494 1342 hoc
510 1294 596 1341 anno
612 1275 764 1343 Amisum
781 1281 981 1360 -tyranno
999 1279 1133 1360 expulso
1151 1315 1192 1324 -
1216 1279 1404 1361 provinciae

180 1385 327 1452 additam
352 1388 385 1450 et
407 1387 484 1466 post
506 1401 651 1466 pugnam
674 1381 851 1448 Actiacam
874 1383 1011 1451 liberam
1037 1403 1109 1451 esse
1131 1384 1266 1452 iussam.

268 1492 424 1557 Liberam
447 1489 600 1556 Amisum
623 1494 724 1556 vocat
744 1489 872 1556 Plinius
897 1491 939 1575 (n.
964 1492 996 1557 h.
1020 1492 1079 1574 VI,
1105 1491 1147 1577 7).

271 1597 343 1679 Quo
359 1603 507 1679 tempore
522 1596 673 1662 Amiseni
689 1615 761 1662 cum
777 1597 936 1663 Romanis
952 1598 1066 1664 foedus
1082 1599 1229 1681 fecerint,
1253 1601 1401 1684 ignotum

181 1710 245 1789 est3
262 1725 367 1787 neque
383 1725 423 1770 ex
437 1703 546 1770 Cassii
559 1703 676 1770 Dionis
691 1704 800 1770 verbis
814 1705 879 1789 (42,
892 1704 947 1788 48)
961 1706 1135 1789 quicquam
1148 1707 1297 1773 concludi
1311 1708 1403 1782 licet;

179 1813 260 1879 dicii
294 1813 379 1878 ellim
413 1812 481 1877 ille:
519 1809 670 1897 (Caesar)
696 1819 745 1896 τὴν
766 1818 871 1899 χώραν,
897 1818 963 1898 ὅσην
983 1824 1038 1880 τῶν
1062 1843 1093 1880 τε
1113 1818 1262 1897 Ῥωμαίων
1283 1822 1330 1882 καὶ
1349 1825 1404 1881 τῶν

180 1927 301 2007 ἐνάρκων
323 1926 407 2005 σφίσιν
429 1925 653 2003 ἀποτετμημένος
674 1926 689 1984 b
710 1924 858 2004 Φαρνάκης
878 1925 920 2005 ἦν,
945 1919 992 1985 eis
1015 1919 1157 1986 reddidit
1180 1924 1213 1986 et
1236 1921 1403 1988 Amisenis

179 2026 366 2093 libertatem
389 2031 558 2108 tamquam
574 2025 755 2108 praemium
771 2026 869 2092 dedit.
916 2027 1003 2092 Nam
1024 2035 1049 2094 οἱ
1069 2037 1184 2113 ἔνορκοι,
1208 2046 1346 2109 quorum
1368 2029 1402 2095 in

180 2153 314 2200 numero
344 2133 495 2200 Amiseni
522 2152 650 2215 quoque
684 2133 811 2199 versari
837 2138 990 2215 possunt,
1025 2152 1090 2200 non
1125 2138 1204 2200 sunt
1238 2135 1400 2202 ‘civitates

180 2242 396 2322 foederatae,
432 2241 489 2306 sed
529 2239 610 2305 socii
650 2240 873 2306 Romanorum
912 2259 1007 2323 reges
1047 2246 1081 2306 et
1118 2242 1238 2323 populi.
1299 2242 1403 2309 Recte

179 2349 264 2415 enim
298 2350 481 2414 Mommsen
520 2345 581 2431 (st.
605 2347 646 2412 R.
680 2345 748 2426 ΠΙ,
783 2367 814 2428 p.
845 2344 925 2427 654,
960 2367 989 2413 a.
1015 2347 1048 2432 3)
1082 2349 1209 2415 monuit
1239 2356 1400 2422 ’ἔνσπονδοέ

180 2475 245 2522 non
268 2456 318 2521 ita
339 2454 471 2537 proprio
496 2473 594 2520 sensu
618 2472 639 2519 a
661 2453 769 2518 Dione
793 2453 940 2520 adhiberi
967 2456 1072 2521 solere
1095 2475 1154 2536 pro
1177 2456 1292 2523 verbo:
1324 2457 1400 2524 ‘foe-

180 2563 339 2645 deratus’3
363 2562 449 2628 idem
472 2562 512 2627 dc
532 2579 627 2627 voce:
649 2566 776 2646 ‘dropace'
799 2560 970 2627 dicendum
994 2566 1059 2644 est,
1084 2567 1183 2644 atque
1206 2563 1324 2629 Dionis
1348 2564 1402 2630 hic

177 2673 269 2737 locus
300 2669 445 2751 Appiani
477 2673 510 2734 et
539 2667 686 2752 Polybii,
718 2686 799 2749 quos
829 2668 1012 2735 Mommsen
1044 2671 1076 2753 (l.
1108 2668 1142 2753 l.)
1174 2669 1285 2753 affert,
1316 2671 1402 2738 adici

177 2781 299 2860 potest.

267 2884 444 2950 Foederati
480 2887 576 2948 erant
609 2881 760 2948 Amiseni
788 2883 923 2949 Traiani
956 2882 1164 2964 imperatoris
1199 2884 1399 2966 temporibus

180 2991 275 3078 (Plin.
301 2996 335 3056 et
358 2991 446 3057 Trai.
477 3010 527 3072 ep.
552 2989 594 3054 92
620 2989 689 3076 [93]
715 2995 749 3056 et
771 2990 814 3055 93
839 2989 932 3074 [94]).
979 2989 1092 3072 Atque
1127 2996 1243 3056 extant
1277 2991 1400 3057 nummi

179 3099 299 3183 (Head,
322 3099 354 3165 h.
371 3118 403 3164 n.
427 3119 459 3180 p.
475 3096 564 3181 425),
588 3097 824 3179 imperatorum
845 3097 1046 3179 temporibus
1070 3097 1150 3178 cusi,
1174 3097 1290 3180 quibus
1306 3097 1399 3163 Ami-

179 3206 250 3273 seni
271 3206 366 3271 liberi
388 3204 636 3288 praedicantur,
672 3204 772 3271 etiam
801 3209 1031 3287 argenteorum
1061 3205 1156 3287 copia
1179 3204 1343 3270 Hadriani
1366 3208 1400 3271 et

178 3311 339 3378 Antonini
362 3310 416 3377 Pii
438 3312 639 3394 temporibus
663 3311 805 3394 signata.

338 3475 368 3539 6.
405 3474 571 3555 Trapezus

268 3599 424 3665 ‘liberum'
450 3599 546 3685 (Plin.
563 3619 594 3665 n.
612 3599 642 3665 h.
660 3599 719 3680 VI,
745 3598 809 3683 11).
857 3597 1012 3665 Ceterum
1035 3603 1153 3681 postea
1170 3598 1400 3682 Cappadociae

178 3706 259 3773 fines
282 3706 331 3772 ita
353 3705 478 3771 mutati
501 3711 587 3787 sunt,
611 3711 649 3772 ut
673 3706 840 3788 Trapezus
864 3724 929 3770 non
951 3704 1062 3786 Ponti,
1086 3706 1142 3771 sed
1168 3706 1400 3789 Cappadociae

179 3812 366 3892 provinciae
388 3812 466 3877 urbs
489 3812 584 3878 fieret
608 3813 812 3897 (Mommsen,
836 3812 875 3878 R.
902 3810 944 3878 G.
968 3811 1024 3894 V³,
1048 3832 1079 3894 p.
1104 3812 1192 3898 306).

550 4026 721 4109 Regnum
749 4025 1027 4106 Bosporanum.

266 4168 450 4235 Historiam
489 4169 582 4252 regni
615 4168 802 4250 Bosporani
839 4188 942 4250 nuper
981 4171 1176 4253 conscripsit
1209 4172 1400 4255 Latyschev

180 4274 289 4358 (inser.
314 4280 381 4341 ant.
407 4295 453 4342 or.
479 4281 561 4359 sept.
578 4275 676 4342 Pont.
694 4275 778 4341 Eun.
795 4275 841 4357 H,
857 4296 889 4357 p.
912 4276 979 4341 XV
1002 4277 1101 4362 sqq.);
1126 4278 1165 4344 de
1189 4281 1280 4344 statu
1303 4276 1399 4343 huius

179 4383 270 4465 regni
282 4383 357 4448 inde
374 4383 617 4449 aMithradatis
630 4382 808 4467 Eupatoria
822 4386 934 4449 aetate
946 4383 1020 4450 vide
1036 4384 1056 4450 l.
1069 4385 1090 4452 l.
1104 4405 1135 4467 p.
1148 4384 1304 4451 ΧΧΧΠ[
1317 4403 1399 4466 sqq..

1224 4509 1240 4544 ι)
