3174 4860
686 226 906 290 ..61-

189 421 389 500 ‘Thraciam
419 417 594 501 Ciliciam’,
629 438 695 485 non
723 438 835 485 omnes
858 419 955 485 huius
978 419 1042 484 loci
1065 419 1276 487 difficultates
1300 420 1405 488 solvo-

187 534 311 596 rentur.
347 526 411 594 Sed
434 546 493 609 per
521 545 557 591 so
585 545 713 608 quoquc
741 527 931 592 coniectura
953 526 1177 608 improbabihs
1201 532 1261 594 est.
1307 529 1405 611 Nam,

187 656 269 720 quas
294 653 413 701 causas
435 633 632 715 Marquardt
655 633 762 714 affert,
786 638 854 699 tres
879 637 971 699 sunt:

274 742 415 825 primum
438 745 528 807 recte
552 740 728 806 Thraciam
751 740 818 806 iam
841 744 920 806 ante
942 740 1142 823 Vespasiani
1170 759 1307 824 regnum
1330 761 1405 824 pro·

91 924 95 932 ,
186 850 328 917 vinciam
351 849 452 914 fuisse
476 847 609 929 statuit3

273 957 389 1025 deinde
418 955 584 1037 Ciliciam,
619 974 704 1036 quae
729 964 747 1042 ἡ
768 962 860 1028 πεδιὰς
886 958 1039 1038 vocatur,
1073 955 1140 1022 iam
1168 955 1257 1021 circa
1284 974 1405 1022 annum

185 1062 332 1132 650l104
359 1062 563 1145 provinciam
597 1063 721 1129 factam
750 1082 833 1129 esse.
880 1062 945 1131 Sed
969 1082 1009 1129 ea
1033 1061 1168 1129 Ciliciae
1191 1081 1285 1145 pars,
1321 1081 1405 1145 quae

183 1181 201 1258 ἡ
226 1182 340 1259 τραχεῖα
363 1174 513 1252 vocatur,
533 1188 600 1236 una
616 1189 689 1235 cum
702 1168 923 1254 Commagene
939 1170 1000 1236 sub
1015 1170 1221 1253 Vespasiano
1237 1169 1404 1236 Antiocho

183 1280 254 1365 regi
278 1279 433 1360 adempta
450 1281 501 1343 ost
517 1277 597 1361 (Ios.
613 1276 687 1344 bell.
703 1277 780 1358 VH,
799 1275 849 1363 7),
874 1275 992 1343 Cilicia
1015 1280 1049 1343 et
1065 1276 1286 1362 Commagene
1308 1282 1404 1344 voce:

184 1387 238 1454 ‘ot'
263 1389 434 1453 coartatae
455 1388 488 1450 et
511 1384 551 1451 de
572 1384 715 1450 Thracia
730 1388 917 1466 separatae,
934 1384 1127 1451 coniunctae
1142 1404 1243 1451 unum
1260 1383 1405 1450 efficiunt

182 1513 319 1578 regnum
342 1492 514 1574 Antiochi3
539 1495 640 1573 atque
663 1495 715 1558 est
737 1493 820 1558 haec
844 1491 993 1558 Suetonii
1009 1490 1126 1559 Cilicia
1149 1511 1200 1574 ea,
1223 1509 1308 1574 quac
1331 1476 1406 1567 orat

182 1602 294 1686 regiae
318 1600 454 1667 dicionis
477 1618 582 1682 usque
606 1598 647 1664 ad
670 1598 704 1665 id
726 1602 872 1681 tempns3

271 1712 437 1791 postremo
449 1706 656 1788 Marquardt,
674 1724 748 1771 oum
764 1724 785 1771 a
801 1725 837 1772 se
852 1725 918 1771 non
932 1707 1097 1788 impetret,
1113 1709 1151 1772 ut
1166 1691 1405 1791 Hieronymum

182 1816 239 1903 (ad
254 1816 334 1882 Bus.
359 1815 379 1880 l.
402 1812 439 1898 l.)
456 1813 518 1879 sibi
540 1814 647 1895 ipsum
664 1812 888 1879 contradicere
905 1813 1094 1896 duobusque
1109 1814 1190 1880 locis
1207 1815 1247 1880 de
1262 1814 1409 1880 Thracia¹

181 1922 350 2007 provincia
383 1922 474 1987 sacta
502 1939 639 1986 namara
667 1920 796 2002 credat,
830 1940 896 1986 non
918 1919 1009 1987 videt
1031 1920 1117 1988 idem
1140 1940 1162 1988 a
1185 1940 1221 1988 se
1245 1920 1401 1988 Suetonio

181 2031 294 2112 tribui;
330 2049 426 2112 quem
461 2047 534 2095 eum
568 2029 608 2094 de
630 2028 737 2112 Lycia
764 2029 904 2095 subacta
930 2029 980 2094 bis
1005 2027 1136 2114 (Claud.
1161 2027 1220 2110 25,
1243 2029 1344 2111 Vesp.
1369 2026 1404 2113 8)

180 2138 318 2205 diversis
341 2135 543 2218 temporibus
567 2154 704 2201 narrare
727 2136 818 2217 velit,
842 2155 949 2202 nonne
971 2136 1035 2202 hoc
1056 2136 1181 2203 maiore
1197 2136 1268 2202 iuro
1283 2135 1402 2202 Hiero·

181 2264 279 2330 nymo
303 2244 403 2310 tribui
426 2242 556 2325 potest?
1361 2247 1364 2252 ·

269 2353 347 2418 Huc
375 2349 517 2432 accedit,
553 2349 640 2430 quod
663 2368 728 2415 vox
752 2349 915 2432 trachia,
939 2367 1038 2432 quam
1061 2351 1095 2416 in
1118 2370 1183 2417 uno
1207 2350 1412 2435 Hieronymi

180 2461 292 2528 codice
316 2463 430 2526 extare
445 2455 645 2540 Marquardt
666 2457 737 2540 ipse
762 2457 922 2539 concedit,
945 2476 1113 2539 nunquam
1137 2457 1300 2541 reperitur
1315 2441 1408 2541 apud

178 2568 319 2635 Latinos
354 2566 547 2649 scriptores;
582 2583 675 2646 nam,
711 2584 807 2648 quem
835 2567 940 2631 solum
968 2567 1075 2632 locum
1104 2566 1201 2632 affert
1227 2564 1404 2632 Borcehini

180 2676 254 2759 (lex.
280 2678 340 2740 tot.
355 2675 415 2739 lat.
433 2691 459 2738 e.
475 2693 507 2738 v.
532 2672 684 2756 trachia),
709 2673 737 2737 is
760 2673 823 2739 hoc
845 2673 982 2740 verbum
1005 2673 1200 2739 inusitatum
1225 2692 1298 2740 esse
1314 2673 1402 2756 apud

179 2782 319 2848 Latinos
344 2781 563 2862 demonstrat3
587 2799 664 2846 nam
688 2779 781 2846 addit
802 2780 874 2862 ipse
894 2780 1082 2847 Macrobius
1106 2779 1152 2865 (7.
1170 2783 1234 2846 sat.
1258 2780 1335 2862 XV,
1358 2779 1402 2865 2),

179 2894 218 2955 ut
251 2906 406 2972 graecam
440 2905 569 2953 vocem:
609 2893 737 2974 ἀρτηρίαν
767 2887 924 2969 explicet:
964 2891 1060 2971 ‘quae
1098 2887 1228 2954 trachia
1262 2887 1402 2955 dicitur’.

181 2996 344 3062 ‘Trachia'
368 3013 447 3061 vero
472 2992 611 3060 ‘Cilicia’
634 3013 797 3078 nusquam
820 2996 943 3077 reperit
986 3048 993 3061 .

268 3102 411 3168 Tmnebi
434 3101 536 3185 igitur
558 3101 842 3184 Marquardtiique
865 3103 1054 3168 coniectura
1076 3101 1241 3169 reicienda
1262 3100 1403 3183 videtur,

182 3229 255 3277 cum
278 3230 338 3293 per
361 3228 397 3276 se
419 3208 643 3292 improbabilis
667 3208 840 3291 sitneque
864 3228 975 3277 omnes
999 3209 1160 3277 dissolvat
1183 3209 1403 3275 difficultates.

685 3424 898 3434 --—-——

571 3602 764 3687 Bithynia
787 3607 828 3670 et
850 3601 1011 3669 Pontus.

270 3747 431 3831 Bithynia
455 3749 655 3813 testamento
679 3746 867 3813 Nicomedis
889 3746 978 3830 regis
1002 3764 1087 3812 anno
1112 3742 1252 3826 680174,
1275 3743 1404 3811 Pontus

181 3873 266 3920 anno
291 3852 415 3920 osescc
438 3853 642 3920 Mithradate
676 3855 771 3936 pulso
806 3853 976 3935 provincia
998 3853 1151 3919 Romana
1177 3853 1287 3918 factae
1315 3855 1402 3918 sunt.

181 3962 233 4029 De
256 3961 389 4046 rehquis
413 3961 509 4027 huius
526 3960 717 4042 provinciae
740 3960 890 4043 partibus
906 3960 981 4026 vido
997 3961 1262 4042 Marquardtium
1279 3957 1344 4045 (St.
1360 3959 1402 4024 V.

180 4067 223 4151 1²,
247 4090 278 4152 p.
303 4069 393 4154 349).
439 4069 480 4134 In
508 4068 700 4136 enarrandis
729 4067 919 4134 civitatibus
947 4067 1058 4134 liberis
1081 4066 1278 4150 Marquardt
1305 4066 1403 4149 plano

181 4178 323 4260 pendero
345 4176 477 4243 videtur
500 4176 539 4243 de
563 4174 832 4242 Schoenemanno
857 4175 912 4260 (de
934 4174 1095 4259 Bithynia
1118 4179 1151 4241 ct
1166 4173 1286 4255 Ponto,
1309 4192 1402 4256 prov.

182 4286 289 4366 Rom,
312 4305 344 4367 p.
368 4282 532 4368 97-99),
560 4283 617 4366 qui
644 4284 730 4350 hanc
753 4282 995 4353 dissertationis
1018 4285 1148 4366 partem
1171 4301 1236 4348 non
1259 4281 1309 4348 ita
1333 4280 1403 4350 dili·

181 4396 298 4476 genter
320 4390 489 4462 tractavit.
