3174 4860
739 466 940 589 Vita.

333 862 456 986 Natus
473 937 544 984 sum
561 919 721 984 Ernestus
738 920 905 984 Walterus
922 920 1036 984 Henze
1053 917 1210 997 Borolini,
1227 918 1278 983 dic
1294 917 1312 981 1
1327 917 1453 982 mensis

227 1025 409 1106 Februarii,
435 1044 519 1090 anno
544 1028 575 1091 h.
593 1046 619 1091 s.
636 1026 761 1106 LXIX,
786 1031 881 1107 patre
906 1024 1037 1106 Oarolo,
1061 1031 1168 1091 matre
1192 1025 1294 1090 Flora
1319 1029 1453 1106 egente

228 1131 351 1215 Saling,
376 1151 458 1213 quos
475 1133 662 1198 carissimos
679 1139 834 1225 parentes
851 1133 958 1198 adhuc
975 1133 1067 1197 vivos
1084 1133 1137 1213 pio
1154 1137 1314 1214 gratoque
1339 1132 1448 1197 animo

227 1258 374 1305 veneror.
421 1239 515 1305 Fidei
539 1241 688 1306 addictus
713 1260 784 1305 sum
802 1240 1020 1323 evangelicae.
1060 1240 1264 1305 Litterarum
1282 1239 1452 1304 elementis

227 1347 370 1412 imbutus
390 1347 424 1412 in
440 1348 554 1412 schola
569 1347 673 1429 patris
694 1348 767 1428 mei,
793 1347 907 1412 deinde
927 1347 961 1411 in
984 1347 1155 1430 gymnasio
1180 1347 1269 1429 regio
1287 1345 1451 1412 Guilelmo

227 1454 447 1535 Berolinensi,
483 1455 569 1535 quod
597 1456 704 1520 adhuc
732 1457 791 1520 sub
821 1455 975 1537 auspiciis
1003 1454 1176 1535 Kuebleri,
1211 1474 1242 1519 v.
1272 1454 1314 1534 d.,
1343 1454 1450 1534 floret,

229 1581 301 1628 cum
324 1581 401 1626 vere
425 1561 502 1626 anni
525 1563 557 1626 h.
583 1581 608 1626 s.
626 1562 808 1627 LXXXVI
831 1562 1034 1627 maturitatis
1058 1561 1245 1627 testimonio
1268 1561 1451 1626 instructus

228 1688 347 1748 essem,
392 1669 434 1734 ad
477 1669 726 1735 universitatem
764 1669 1011 1735 Berolinensem
1053 1689 1105 1734 me
1144 1668 1280 1748 contuli,
1324 1668 1450 1734 duobus

228 1776 439 1842 semestribus
463 1781 540 1857 post
563 1776 604 1842 ad
627 1777 851 1857 Bonnensem,
880 1777 965 1842 unde
993 1776 1106 1842 eodem
1129 1776 1238 1858 spatio
1262 1775 1449 1841 intermisso

227 1883 417 1948 Berolinum
433 1882 523 1948 redii.
560 1883 765 1965 Philologiae
781 1884 1003 1964 historiaeque
1018 1883 1140 1949 veteris
1157 1883 1273 1948 studiis
1289 1882 1449 1963 imprimis

227 1990 358 2056 incubui
370 2008 430 2055 nec
441 1988 585 2070 reliquas
597 1990 756 2055 historiae
768 1994 882 2071 partes
892 1990 1101 2072 lingnamque
1112 1990 1301 2055 hebraicam
1310 1990 1451 2071 neglexi.

315 2095 383 2162 Per
421 2097 589 2163 duodecim
629 2102 804 2163 semestres
843 2117 895 2162 me
934 2098 1114 2163 docuerunt
1152 2097 1215 2161 viri
1254 2096 1449 2162 doctissimi:

227 2203 358 2285 Budde,
401 2205 597 2286 Buecheler,
635 2206 816 2286 Delhorbc,
856 2205 1108 2286 Kamphausen‚
1152 2205 1296 2284 Kekule,
1339 2203 1450 2283 Klein,

144 2292 146 2301 ¹
228 2310 394 2377 Luebbert
416 2311 450 2394 1,
490 2311 651 2391 Piumati,
693 2311 820 2393 Thode,
861 2312 991 2378 Usener
1025 2312 1232 2392 Bonnenses;
1275 2310 1318 2376 du
1353 2311 1451 2376 Bois-

227 2418 409 2501 Reymond,
433 2420 575 2499 Dessau,
599 2420 702 2499 Diale,
719 2420 866 2503 Dilthey,
882 2420 1052 2500 Hamack,
1068 2419 1267 2499 Hirschfeld,
1282 2417 1451 2498 Huebner,

226 2525 389 2606 Jastrow,
424 2524 612 2607 Kirchhoff,
649 2526 814 2606 Kleinert,
850 2527 1098 2607 Lommatnsch,
1126 2526 1286 2605 Paulsen,
1314 2524 1451 2604 Robert,

228 2631 336 2712 Rossi,
361 2631 491 2712 Strack,
515 2652 547 2698 v.
565 2633 770 2712 Treitschke,
794 2633 934 2714 Vahlen,
958 2633 1192 2714 Wattenhach,
1207 2632 1328 2712 Weiss
1345 2631 1453 2697 Zellcr

227 2737 468 2805 Berolinenses.
531 2740 834 2806 Exercitationibus
884 2740 1023 2822 benigne
1068 2739 1192 2805 aditum
1237 2739 1316 2804 mihi
1355 2757 1450 2820 prac-

227 2845 368 2912 buerunt
390 2847 528 2913 Bonnae
551 2848 781 2929 proseminarii
803 2848 992 2930 philologici
1013 2848 1196 2913 Buecheler
1219 2851 1253 2912 et
1271 2845 1451 2925 Luebbcrt,

227 2954 389 3019 hebraicis
423 2955 539 3020 Budde
574 2960 607 3020 31
634 2955 888 3037 Kamphausen,
924 2954 1072 3020 Berolini
1106 2954 1310 3036 philologieis
1345 2953 1450 3032 Diels,

228 3060 392 3126 historicis
416 3061 614 3142 Delbrueck,
630 3062 830 3141 Hirschfeld,
847 3062 1003 3143 Kochler,
1020 3063 1214 3141 Mommsen,
1231 3060 1451 3143 epigraphicis

227 3167 430 3249 Hirschfeld,
467 3170 723 3252 archaeologicis
752 3171 887 3235 Robert.
934 3168 1109 3236 Seminarii
1136 3167 1323 3251 philologici
1346 3167 1450 3232 Bero-

227 3275 375 3356 linensis,
411 3276 497 3356 quod
520 3276 775 3342 moderabantur
798 3276 975 3341 Kirchh0ff
999 3281 1032 3340 et
1054 3276 1198 3357 Vahlen,
1233 3295 1293 3357 per
1318 3274 1451 3340 bissex

227 3400 356 3448 menses
379 3382 502 3448 sodalis
527 3382 710 3448 ordinarius
733 3383 789 3453 fui.

317 3487 407 3569 Quos
436 3508 548 3555 omnes
572 3489 660 3555 viros
685 3490 807 3571 optime
831 3489 871 3554 de
893 3509 945 3554 me
969 3489 1118 3569 meritos,
1146 3489 1353 3570 potissimum
1381 3506 1449 3568 333,
1527 3499 1535 3509 ·

229 3596 284 3676 qui
318 3596 412 3675 mihi,
447 3601 485 3661 ut
516 3597 805 3663 exercitationibus
840 3596 1049 3676 interessem,
1085 3597 1317 3678 permiserunt,
1351 3600 1449 3679 grato

228 3721 358 3783 semper
381 3704 486 3768 colam
509 3704 633 3783 animo,
664 3705 825 3770 maximas
848 3723 927 3770 vcro
951 3703 1077 3786 gratias
1101 3703 1202 3768 debeo
1226 3703 1392 3768 Kochlero
1416 3708 1448 3766 et

228 3809 458 3890 Hirschfeldio,
483 3828 545 3891 quo
571 3815 705 3875 auctore
729 3812 789 3876 has
813 3810 994 3876 studiorum
1017 3809 1179 3892 primitias
1203 3809 1341 3891 suscepi.
