3174 4860
676 211 903 276 ..78-

177 404 245 470 rint
267 404 364 470 urbes
389 403 607 487 Cyrenaicae,
643 408 778 470 senatus
803 404 850 469 eis
882 422 964 470 suas
991 405 1081 487 leges
1113 405 1320 472 concessisse
1347 425 1405 473 nee

178 511 410 592 magistratum
444 510 523 592 ipsis
558 510 805 592 praeposuisse,
841 511 898 577 sed
927 510 1086 575 tributum
1122 510 1164 576 ab
1188 511 1235 576 eis
1259 513 1408 596 exegisse

179 617 314 683 videtur
336 617 527 703 (Rossberg,
552 621 679 698 quaest.
705 616 745 682 de
768 616 865 682 rebus
883 615 1097 699 Cyrenarum,
1121 638 1170 700 pr.
1195 619 1304 700 Rom,
1328 619 1409 687 diss.

178 725 285 806 Lips,
314 744 345 806 p.
372 723 438 810 15).
486 722 581 805 Quod
616 724 644 788 si
679 728 768 789 recte
803 723 995 805 statuimus,
1030 724 1166 790 libertas
1202 725 1285 790 nihil
1319 727 1408 794 aliud

180 835 231 896 est
264 831 327 896 nisi
362 831 447 912 quod
472 830 575 895 eidem
602 831 743 897 Romani
770 829 986 913 Pergamenis
1021 849 1256 897 concesserunt
1289 831 1408 900 Attalo

179 957 256 1020 rege
290 942 419 1003 mortuo
455 936 500 1022 (p.
531 936 581 1023 2),
610 937 736 1002 scilicet
769 941 807 1002 ut
840 937 930 1019 regio
967 937 1136 1003 dominatu
1163 938 1257 1005 liberi
1286 944 1408 1007 essent.

180 1044 315 1127 Postea,
340 1064 413 1111 oum
429 1044 571 1110 Romani
586 1044 736 1110 uiderent
751 1045 812 1110 has
829 1045 926 1110 urbes
943 1044 1013 1110 sine
1028 1045 1165 1127 imperio
1188 1046 1408 1130 magistratus

180 1151 260 1233 ipsis
283 1151 428 1233 impositi
451 1151 522 1234 regi
544 1151 689 1233 nequire,
714 1170 834 1218 novam
857 1151 932 1217 inde
955 1151 1157 1233 provinciam
1181 1152 1290 1219 fecere
1314 1151 1408 1236 (Sall.

180 1258 256 1324 hist.
281 1259 327 1339 H,
350 1259 390 1324 fr.
414 1257 497 1344 47)]
949 1280 951 1285 ·

271 1363 382 1446 Creta,
407 1384 493 1430 anno
510 1363 633 1431 687167
650 1366 821 1447 provincia
832 1367 927 1432 lacta
943 1384 1029 1431 anno
1047 1363 1170 1434 727127
1188 1385 1261 1433 cum
1277 1365 1410 1451 Cyrene

183 1472 357 1539 coniuncta
379 1472 511 1538 videtur
526 1473 744 1555 (Marquardt,
768 1472 816 1539 St.
834 1473 874 1538 V.
891 1471 937 1554 12,
962 1494 994 1555 p.
1010 1474 1077 1538 460
1093 1472 1191 1559 sqq).
1237 1472 1410 1542 Antonius

182 1599 223 1646 ex
261 1579 345 1644 actis
380 1578 535 1645 Caesaris
569 1581 675 1662 legem
705 1580 796 1661 tulit,
830 1600 871 1646 ne
906 1582 1049 1662 post-M.
1073 1581 1215 1647 Brutum
1239 1601 1301 1664 pro
1331 1601 1409 1648 con·

185 1687 256 1752 sule
279 1686 449 1768 provincia
473 1691 561 1752 esset
585 1674 687 1754 Creta
710 1686 795 1772 (Cic.
818 1687 904 1753 Phil.
930 1688 961 1769 2,
985 1688 1027 1752 97
1045 1716 1085 1745 --
1102 1690 1145 1754 Ι).
1163 1686 1258 1755 Cass,
1275 1687 1332 1770 45,
1348 1691 1408 1773 32;

182 1794 236 1875 46,
254 1793 325 1878 23),
350 1794 437 1875 quod
452 1794 482 1859 si
497 1793 626 1859 omnino
644 1795 794 1860 effectum
811 1799 872 1878 est,
889 1799 1000 1861 tamen
1016 1797 1113 1877 paulo
1129 1799 1206 1878 post
1221 1796 1264 1862 ad
1275 1796 1409 1863 irritum

184 1901 353 1967 redactum
369 1905 421 1968 est
437 1901 657 1985 (Marquardt,
682 1901 730 1968 St.
747 1903 787 1967 V.
804 1900 847 1984 1²,
871 1923 902 1984 p.
919 1902 1010 1988 460).
1042 1902 1096 1968 Ab
1112 1902 1266 1986 Augusto
1283 1903 1410 1971 liberae

185 2027 257 2074 esse
279 2008 390 2074 iussae
413 2012 491 2074 sunt
513 2013 590 2090 post
612 2028 756 2092 pugnam
778 2009 955 2076 Actiacam
979 2009 1035 2095 (D.
1061 2008 1157 2076 Cass.
1181 2009 1236 2093 51,
1260 2009 1313 2097 2):

345 2153 375 2218 1.
411 2151 570 2236 Cydonia.

214 2276 216 2280 Α
344 2295 391 2360 2.
411 2295 538 2378 Lampe
562 2294 632 2381 (seu
654 2296 799 2381 Lappa).

720 2490 867 2559 Africa.

274 2635 410 2702 Africae
444 2635 550 2717 prima
578 2654 656 2719 pars
684 2654 770 2702 anno
795 2631 941 2702 6081146
969 2635 1193 2702 Romanorum
1221 2636 1314 2704 facta
1342 2644 1413 2723 est;

187 2743 332 2825 reliquae
368 2763 430 2825 quo
466 2748 613 2826 ternpore
649 2742 897 2826 quoquomodo
933 2743 1149 2824 accesserint,
1186 2751 1415 2825 exposuerunt

186 2850 370 2916 Wilmanns
394 2848 495 2934 (CIL.
520 2851 614 2933 VIH,
638 2873 669 2934 p.
693 2851 771 2933 XV)
796 2854 829 2916 et
851 2851 1033 2915 Mommsen
1058 2849 1110 2934 (R.
1128 2849 1170 2917 G.
1187 2849 1244 2932 W,
1267 2871 1299 2932 p.
1318 2852 1413 2939 626).

275 2957 315 3022 In
350 2957 553 3024 conserendis
583 2957 720 3024 Africae
754 2957 942 3023 civitatibus
976 2957 1087 3023 liberis
1122 2957 1192 3023 solo
1226 2958 1294 3023 fere
1321 2957 1415 3027 Plini

186 3065 373 3131 testimonio
401 3065 463 3130 niti
490 3066 596 3132 coacti
626 3084 748 3132 sumus
794 3063 907 3146 Atque
935 3083 1008 3130 cum
1035 3063 1064 3130 is
1087 3064 1184 3130 urbes
1212 3064 1302 3130 intus
1326 3065 1414 3133 sitas

189 3171 241 3255 (cl.
266 3191 297 3238 n.
321 3172 353 3238 h.
377 3172 418 3253 V,
443 3171 500 3258 30)
536 3174 712 3240 secundum
747 3171 988 3254 alphabeticum
1023 3171 1169 3237 ordinem
1192 3173 1414 3256 enarraverit,

188 3279 259 3345 fieri
281 3299 346 3345 non
370 3283 490 3361 potest,
514 3285 552 3346 ut
575 3280 615 3346 de
630 3281 756 3361 aliquot
780 3279 971 3362 oppidorum
995 3279 1061 3345 situ
1081 3277 1204 3360 aliquid
1227 3277 1414 3349 evincatur.

188 3385 307 3469 Itaque
318 3388 381 3453 hoc
392 3388 463 3453 loco
476 3388 698 3471 geographica
709 3386 837 3453 ratione
847 3387 998 3469 neglecta
1010 3385 1251 3468 alphabeticum
1263 3385 1414 3453 ordinem

190 3513 324 3561 servare
347 3494 462 3560 melius
487 3494 573 3561 duxi.

280 3601 344 3669 Sed
367 3602 558 3685 prinsquam
593 3601 635 3668 ad
659 3601 805 3685 singulas
829 3620 882 3667 res
907 3599 1116 3681 accedamus,
1152 3600 1193 3666 de
1215 3599 1262 3666 eis
1289 3600 1414 3683 verbis,

192 3729 276 3792 quae
299 3709 426 3776 Plinius
462 3709 501 3775 de
523 3708 640 3774 Africa
669 3714 703 3774 et
725 3708 881 3774 Numidia
907 3707 999 3788 lecit,
1034 3725 1142 3789 pauca
1168 3707 1415 3789 praemittenda

191 3818 358 3899 videntur3
382 3817 437 3882 ille
460 3817 545 3883 enim
561 3815 735 3882 Numidiae
760 3819 793 3881 et
808 3814 943 3881 Africae
966 3819 1082 3898 gentes
1106 3817 1277 3880 enumerat
1290 3812 1366 3879 libri
1381 3815 1415 3880 V

192 3924 232 4012 §§
257 3925 398 3989 22-30.
445 3925 497 3990 De
524 3924 575 3990 his
598 3942 703 4005 nuper
731 3922 956 4003 quaestionem
983 3921 1087 3987 movit
1110 3919 1216 3986 Cuntz
1245 3919 1299 4007 (de
1322 3919 1415 4005 Aug.

191 4031 274 4097 Plin.
301 4050 412 4115 geogr.
437 4036 535 4112 auct,
560 4031 637 4097 diss.
661 4030 779 4111 Bonn,
803 4050 833 4111 p.
858 4031 902 4094 40
926 4027 1022 4113 sqq).

282 4138 394 4220 Atque
431 4139 485 4204 ille
524 4139 749 4204 demonstrare
788 4141 926 4203 conatus
963 4135 1106 4201 Plinium
1147 4134 1182 4199 in
1220 4135 1416 4202 enarrandis

193 4245 329 4312 Africae
342 4245 468 4327 oppidis
484 4244 615 4311 sibimet
629 4243 693 4325 ipsi
709 4247 861 4309 constare
877 4244 956 4309 mihi
972 4242 1101 4325 quidem
1117 4243 1204 4308 hanc
1215 4241 1417 4309 sententiam

193 4353 355 4436 probavit.
401 4353 529 4422 Plinius
554 4351 639 4417 enim
662 4368 720 4416 sex
748 4351 906 4434 colonias,
934 4349 1118 4433 quindecim
1146 4349 1266 4433 oppida
1294 4347 1417 4419 civium
