3174 4860
694 225 912 289 ..38-

192 434 265 482 esse
288 415 384 487 iussit
407 415 509 502 (App.
533 417 645 484 Mithr.
670 417 736 497 61).
771 416 883 499 Atque
907 436 947 483 ne
970 418 1088 484 herum
1111 417 1241 498 quidem
1264 416 1414 489 bmnium

191 522 324 591 nomina
351 523 448 592 affert
474 523 650 606 Appianus
679 521 778 609 (1.1.).
823 524 958 606 Itaque,
995 543 1068 590 cum
1103 528 1212 594 888188
1237 523 1415 606 caterogus

191 646 304 694 earum
317 629 510 712 civitatium,
527 648 612 713 quae
627 630 661 695 in
674 629 760 697 Asia
774 629 945 713 provincia
960 630 1045 697 81188
1062 635 1150 712 sunt,
1166 630 1239 697 dari
1253 633 1414 715 nequeat,

190 738 322 816 8888188
356 735 468 819 urbes
503 755 589 818 quae
617 740 705 802 certe
733 741 810 819 8881
831 737 952 809 bellum
975 739 1116 820 primum
1137 735 1415 803 Mithradaticum

189 840 343 908 libertate
370 843 562 923 utebantur,
592 861 649 910 888
673 842 820 925 efferam,
844 843 962 925 quibus
991 863 1078 912 8888
1102 841 1248 909 5661188
1272 843 1414 910 libertas

190 967 348 1016 88888888
371 954 423 1016 881
446 948 611 1036 (71888818,
636 969 662 1016 8.
687 968 729 1033 g„
753 970 784 1033 p.
809 947 878 1030 213,
901 970 933 1017 8.
958 951 989 1032 3,
1013 971 1046 1018 v.
1065 947 1180 1018 10111;
1212 959 1414 1038 συγχωροῦμεν

189 1053 219 1135 δὲ
240 1053 301 1130 ὑμῖν
321 1053 370 1133 τήν
391 1077 421 1116 τε
453 1053 613 1134 1188888188
643 1054 740 1121 καθότι
764 1055 810 1116 καὶ
833 1056 902 1134 [ταῖς
923 1054 1030 1135 dibus<
1050 1055 1169 1123 πόλεσιν,
1192 1054 1252 1119 ὅσαι
1271 1057 1338 1135 ἡμῖν
1360 1057 1413 1135 τὴν

188 1159 334 1240 ἐπιτροπὴν
354 1162 485 1240 ἔδωκαν),
520 1155 577 1222 sed
601 1153 761 1221 asterisco
789 1155 934 1237 adiecto,
968 1161 1007 1222 81
1039 1174 1191 1222 moneam
1226 1173 1286 1221 888
1322 1154 1413 1236 ideo,

188 1260 275 1345 quod
298 1279 384 1327 8888
408 1258 555 1327 5661188
579 1261 702 1329 liberae
726 1280 798 1344 8888
814 1261 925 1349 iussae
941 1262 1018 1343 8181,
1035 1281 1102 1328 888
1117 1263 1241 1329 habere
1259 1280 1414 1342 causam,

188 1385 247 1434 cur
270 1368 371 1434 etiam
394 1371 470 1450 post
486 1386 607 1434 annum
623 1365 747 1436 670184
763 1387 820 1435 eas
836 1367 1023 1435 libertatem
1046 1369 1222 1436 retinuisse
1238 1373 1413 1451 putemus;

187 1491 264 1540 nam
291 1473 333 1541 ab
361 1493 400 1540 88
428 1478 576 1557 tempore
598 1474 663 1541 nisi
690 1493 773 1557 quas
801 1473 893 1542 Sulla
922 1475 1043 1542 liberas
1077 1494 1151 1542 8888
1178 1475 1279 1542 iussit
1305 1473 1413 1562 (App.

188 1580 301 1649 Mithr.
326 1579 395 1666 61),
417 1580 540 1648 liberae
562 1581 664 1648 fuisse
686 1600 751 1648 888
773 1581 941 1664 putandae
964 1587 1051 1652 8881.

349 1717 378 1782 1.
415 1715 565 1800 cyzicus.

277 1831 416 1916 Cyzicus
451 1831 638 1899 libertatem
671 1850 757 1903 anno
786 1827 932 1899 5661188
955 1831 1130 1899 retinuisse
1152 1832 1296 1915 videtur3
1332 1851 1413 1899 nam

188 1956 276 2004 8888
299 1935 446 2006 5751179
480 1957 501 2005 a
522 1937 661 2022 Polybio
686 1936 752 2022 (25,
768 1937 801 2023 2)
825 1938 912 2004 18188
935 1945 1188 2025 αὐτονομουμένους
1207 1943 1410 2007 recensetur.

187 2043 286 2111 Anno
310 2043 434 2114 686174
458 2044 697 2115 aMithradate
721 2045 856 2112 obsessa
878 2046 1010 2113 fortiter
1031 2045 1155 2113 restitit
1178 2045 1278 2131 (App.
1294 2045 1410 2115 Mithr.

187 2150 344 2237 78-76);
369 2151 410 2218 ob
432 2153 519 2219 hanc
542 2171 676 2219 causam
700 2153 894 2219 confirmata
916 2153 1111 2220 aRcmenis
1126 2153 1262 2222 libertas
1278 2172 1410 2220 reman-

186 2258 231 2323 sit
246 2256 325 2343 (Str.
342 2258 423 2340 ΧΠ,
440 2260 471 2341 8,
487 2279 518 2341 p.
535 2258 613 2344 575)
637 2278 741 2342 usque
765 2260 807 2326 ad
828 2259 975 2348 Augusti
991 2264 1155 2343 tempora3
1180 2279 1266 2327 8888
1284 2257 1410 2327 734120

185 2365 263 2434 urbs
286 2365 473 2433 libertatem
497 2367 609 2434 amisit
624 2367 679 2453 (D.
699 2365 793 2434 0888.
810 2366 864 2450 54,
883 2367 926 2453 7),
949 2368 1158 2451 recuperavit
1181 2385 1266 2434 anne
1284 2364 1409 2435 739115

186 2472 242 2558 (Ι).
259 2471 425 2554 088854,
442 2474 508 2558 23),
532 2474 637 2542 denuc
660 2473 814 2542 libertate
837 2475 981 2558 88811818
1003 2480 1055 2542 est
1077 2493 1163 2542 8888
1180 2474 1223 2539 25
1240 2493 1261 2541 8
1276 2472 1408 2547 Tiberio

185 2576 278 2664 (Tac.
302 2599 378 2648 ann.
401 2581 461 2663 IV,
477 2581 535 2663 36;
559 2580 650 2649 Suet.
674 2581 746 2648 Tib.
770 2582 827 2665 37;
851 2583 893 2648 D.
919 2580 1014 2649 0888.
1031 2581 1085 2663 57,
1102 2582 1155 2663 24,
1172 2582 1216 2666 6).
1251 2581 1407 2650 Libertas

184 2692 302 2768 888188
316 2689 473 2755 restituta
488 2707 561 2755 8888
576 2689 725 2771 putanda
740 2694 802 2770 881,
818 2688 978 2770 siquidem
993 2694 1083 2755 recte
1099 2707 1135 2754 se
1150 2688 1252 2756 habet
1268 2689 1407 2756 Memm-

184 2794 397 2876 8881881818,
421 2795 462 2862 de
484 2814 552 2878 qua
573 2795 641 2862 dixi
664 2815 696 2884 p.
722 2796 773 2862 12.

272 2900 428 2986 Cyzicum
463 2903 631 2971 exulatum
663 2903 712 2969 ire
746 2903 780 2976 in
814 2902 923 2970 enimc
958 2902 1077 2977 habuit
1103 2902 1219 2972 Oicero
1248 2902 1331 2990 (Cic.
1362 2904 1407 2976 ad

182 3007 256 3074 Att.
279 3008 344 3090 ΠΙ,
360 3009 397 3092 6;
421 3009 465 3077 ad
487 3010 564 3077 fam.
588 3009 682 3092 XIV,
698 3011 730 3092 4,
745 3009 790 3094 3,).

341 3143 372 3210 2.
407 3144 647 3226 Lampsacus*

270 3260 508 3341 Lampsacenis
524 3278 611 3326 8888
627 3256 775 3326 5841170
790 3259 988 3342 8818811588,
1009 3279 1051 3327 88
1065 3260 1099 3326 18
1115 3260 1241 3344 regiam
1256 3266 1405 3344 8818818-

181 3371 247 3439 tem
282 3366 480 3446 reciderent‚
515 3366 657 3434 Romani
679 3385 804 3436 morem
826 3371 1001 3450 gesserunt
1036 3368 1123 3453 (Liv.
1146 3369 1200 3449 43,
1216 3368 1249 3449 6,
1266 3369 1404 3454 8-10);

179 3472 310 3539 videtur
331 3473 433 3556 igitur
454 3475 516 3540 hoc
539 3478 687 3556 tempore
708 3473 845 3540 libertas
868 3473 915 3540 818
940 3493 1098 3542 88888888
1121 3493 1227 3557 neque
1249 3475 1404 3558 oppidum

179 3599 280 3664 reguo
309 3579 515 3665 Pergameno
550 3581 759 3648 tributarium
793 3581 918 3648 factum
953 3600 1036 3649 esse.
1083 3580 1222 3663 Quande
1249 3582 1404 3650 libertate

180 3687 314 3775 spoliati
336 3687 403 3754 8181
426 3688 661 3770 Lampsaceni,
690 3689 868 3771 nescimus3
905 3708 946 3755 88
969 3687 1138 3756 Ciceronis
1161 3689 1270 3756 verbis
1294 3689 1403 3775 (Verr.

179 3793 225 3874 Π,
244 3793 273 3874 1,
291 3793 346 3877 81)
371 3795 411 3861 de
433 3799 526 3861 81818
549 3795 659 3877 oppidi
680 3796 727 3862 nil
750 3796 832 3862 88811
854 3798 1029 3864 lucramur.

267 3937 299 4002 3.
335 3937 508 4022 Abydus*
552 3940 584 4005 4.
620 3939 833 4007 Dardanus*

266 4052 404 4138 Abydus
428 4072 514 4121 8888
530 4050 676 4121 5571197
700 4055 793 4124 iussu
807 4056 1032 4124 Romanorum
1055 4054 1228 4138 praesidiis
1251 4054 1400 4124 deductis

178 4156 212 4223 18
234 4157 421 4227 libertatem
445 4159 601 4227 restituta
623 4166 677 4228 est
700 4161 786 4247 (Liv.
803 4163 856 4243 33,
873 4162 940 4246 30).

266 4266 462 4334 Dardanum
495 4285 581 4334 8888
617 4266 764 4338 5661188
786 4269 927 4336 Eumeni
950 4268 1091 4335 Romani
1125 4267 1277 4335 ademere
1304 4274 1338 4336 81
1365 4272 1400 4344 18

178 4370 364 4440 libertatem
398 4373 606 4441 vindicavere
630 4374 716 4459 (Liv.
732 4375 786 4456 38,
802 4375 869 4460 39).
915 4375 1031 4454 Neque
1058 4378 1170 4443 tamen
1198 4376 1287 4447 ultra
1308 4378 1402 4458 quic·
