3174 4860
690 254 910 318 ..67-

189 446 364 534 (HI—VI)
388 452 534 530 praeter:
571 447 743 528 ‘liberum',
773 448 919 512 ‘liberum
941 447 1117 529 oppidum',
1143 446 1275 512 ‘liberae
1298 446 1408 512 eondi-

189 556 302 621 cionis'
338 556 511 637 quicquam
540 554 659 620 addere
683 556 768 620 solet
790 555 830 620 de
854 554 1042 620 condicione
1065 554 1193 619 urbium
1216 553 1407 634 liberarum

189 663 246 728 sed
270 662 425 744 quidquid
447 662 481 726 in
504 662 555 727 his
578 662 669 726 libris
693 662 786 727 exilis
802 661 945 728 Pliniani
969 661 1128 727 sermonis
1151 660 1282 726 modum
1299 663 1407 726 trans-

187 769 349 852 greditur,
377 772 494 851 postea
523 769 670 835 additum
699 768 844 850 videtur,
872 772 910 833 ut
940 766 1013 853 (iv,
1045 766 1102 853 22)
1132 766 1283 833 Achaiae
1312 767 1408 833 liber·

188 881 241 942 tas
276 895 296 942 a
330 877 462 942 Nerone
497 878 591 956 data,
628 874 704 960 (ΠΙ,
722 873 779 960 ab)
802 875 937 940 Latium
972 874 1146 941 universae
1168 874 1352 956 Hispaniae
1387 894 1408 941 a

187 983 393 1065 Vespasiano
417 983 545 1064 datum,
581 982 636 1069 (V,
654 981 708 1065 20)
731 982 835 1048 verba
858 980 1058 1063 Caesareae,
1082 982 1200 1076 lcosio,
1223 982 1407 1049 Rusucurio

186 1090 314 1172 oppidis
338 1090 477 1157 adiecta.
1187 1114 1190 1122 ’
1463 1174 1469 1187 Ι

276 1198 349 1263 Iam
362 1217 435 1263 cum
449 1200 511 1264 hoc
522 1197 622 1263 Plinii
634 1196 821 1263 testimonio
833 1195 1019 1262 libertatem
1035 1215 1099 1262 non
1112 1196 1154 1262 ad
1166 1195 1311 1279 Augusti
1326 1202 1407 1263 tem·

185 1323 267 1387 pora
301 1305 416 1370 referri
451 1323 585 1371 necesse
618 1304 785 1384 videatur,
821 1302 978 1369 Straboni
1005 1303 1116 1384 fidem,
1152 1323 1249 1385 quam
1272 1305 1408 1371 Boeekh

185 1411 308 1496 (CIGr.
325 1413 370 1493 H,
394 1431 425 1494 p.
444 1411 501 1498 90)
526 1413 555 1479 ei
569 1412 724 1492 detraxit,
748 1411 884 1477 reddere
899 1410 1024 1492 malim;
1050 1411 1126 1492 quid
1143 1411 1187 1476 sit
1202 1412 1406 1478 sentiendum

185 1519 225 1585 de
248 1537 328 1584 aera
353 1517 647 1600 Chersonesitana‚
671 1523 789 1601 postea
811 1518 1002 1584 videbimus.
1038 1518 1157 1600 Itaque
1181 1517 1405 1586 Chersonesus

183 1645 287 1708 usque
310 1626 352 1692 ad
376 1625 549 1691 Strabonis
573 1629 718 1691 aetatem
741 1624 946 1707 Bosporanis
969 1624 1100 1708 regibus
1123 1625 1243 1707 paruit.

271 1734 366 1800 Haec
389 1736 542 1799 constare
565 1732 732 1812 videntur3
756 1731 892 1813 reliqua,
917 1750 1002 1813 quae
1025 1751 1101 1797 mox
1118 1732 1264 1815 afferam,
1288 1734 1405 1815 proba-

181 1839 319 1906 bilitatis
342 1840 474 1906 modum
497 1859 563 1905 non
587 1839 757 1906 excedunt.

271 1947 378 2013 Extat
389 1947 504 2013 titulus
518 1945 620 2032 (om.
632 1947 725 2028 XIV,
738 1945 852 2032 3608),
865 1947 993 2028 positus
1005 1947 1039 2012 in
1051 1948 1207 2013 honorem
1220 1949 1257 2014 Τ.
1271 1947 1406 2031 Plautii,

181 2053 329 2120 Moesiae
352 2053 464 2136 legati,
488 2054 544 2136 qui
560 2053 702 2137 Scythas
725 2054 767 2120 ab
792 2052 959 2119 obsidione
976 2052 1174 2120 Chersonesi
1195 2055 1285 2120 urbis
1301 2075 1405 2122 remo-

181 2160 275 2226 verit.
322 2161 395 2226 Iam
418 2160 565 2227 videmus
591 2180 630 2226 ex
654 2180 692 2227 eo
716 2160 827 2241 titulo,
855 2179 920 2225 non
943 2180 1054 2243 regem
1077 2162 1322 2244 Bosporauum,
1346 2164 1403 2230 sed

180 2267 297 2334 ducem
312 2268 498 2334 Romanum
521 2272 581 2334 aut
604 2285 665 2334 sua
689 2271 806 2349 sponte
822 2271 891 2349 aut,
914 2268 948 2333 id
965 2268 1051 2350 quod
1067 2269 1280 2350 probabiliter
1295 2271 1402 2336 conie-

178 2374 226 2440 cit
247 2374 439 2458 Latysoheu
462 2374 506 2460 (b.
533 2375 563 2440 d.
588 2393 616 2440 c.
640 2375 671 2440 h.
698 2373 795 2455 1885,
819 2394 850 2456 p.
875 2373 1051 2459 2741275),
1086 2376 1237 2457 precibus
1262 2375 1402 2443 Cherso

178 2481 359 2548 nesitarum
394 2482 585 2549 obsecutum
618 2481 666 2547 eis
702 2481 846 2547 subsidio
880 2481 1020 2548 venisse.
1068 2481 1181 2564 Atque
1209 2483 1277 2549 eius
1302 2502 1403 2566 opera

179 2589 303 2655 factum
327 2592 388 2670 est,
412 2593 450 2654 ut
466 2587 611 2672 Scythae
633 2588 675 2655 ab
699 2588 867 2654 obsidione
890 2588 980 2655 urbis
1005 2589 1211 2655 desisterent.
1247 2590 1319 2656 Iam
1342 2592 1402 2657 ha·

179 2696 303 2776 bemus,
328 2714 391 2776 quo
413 2696 579 2777 quadrare
602 2694 732 2777 possint
754 2694 854 2760 Plinii
877 2695 989 2760 verba.
1033 2697 1121 2762 Nam
1143 2697 1283 2778 primum
1306 2701 1402 2780 gesta

180 2805 232 2868 est
254 2802 337 2867 haec
359 2821 413 2868 res
436 2821 501 2868 non
524 2803 573 2868 ita
595 2803 698 2868 multo
723 2806 801 2867 ante
825 2820 923 2884 quam
939 2801 1066 2868 Plinius
1090 2803 1261 2885 scripsisse
1283 2810 1401 2886 putan-

181 2909 241 2975 dus
265 2914 332 2990 est,
357 2909 445 2974 circa
468 2928 589 2975 annum
612 2909 654 2973 57
679 2908 828 2995 (Dessau
851 2909 894 2975 ad
919 2907 1004 2975 CIL.
1029 2911 1049 2975 l.
1074 2908 1126 2995 l.),
1162 2911 1276 2976 deinde
1300 2910 1401 2999 Cher-

181 3034 320 3083 sonesus
354 3035 471 3082 revera
506 3018 538 3081 ‘a
561 3016 729 3082 Romanis’
757 3016 911 3082 libertate
938 3017 1062 3083 donata
1086 3021 1151 3098 est3
1186 3037 1262 3084 nam
1285 3038 1403 3100 perse

178 3123 297 3189 mirum
319 3123 460 3204 videtur,
485 3142 543 3188 our
566 3124 712 3190 additum
736 3124 790 3204 sit,
813 3124 999 3190 libertatem
1023 3124 1070 3190 eis
1095 3143 1114 3190 a
1137 3124 1321 3191 Romanis
1344 3127 1401 3192 da·

180 3233 248 3295 tam
272 3249 355 3311 esse,
379 3250 453 3296 cum
476 3231 598 3296 nullam
614 3230 782 3296 civitatem
797 3230 934 3296 liberam
957 3231 1074 3297 afferre
1089 3231 1215 3296 Plinius
1238 3233 1272 3298 in
1292 3233 1401 3298 animo

179 3337 311 3418 habeat,
336 3338 388 3404 cui
411 3357 476 3403 non
499 3338 638 3420 populus
654 3338 824 3404 Romanus
844 3338 1030 3404 libertatem
1046 3338 1240 3420 permiserit.
1275 3340 1400 3423 Iurgia-

179 3445 275 3510 viozii
298 3445 474 3526 sententia,
499 3445 554 3527 qui
577 3449 713 3527 propter
735 3446 851 3511 verba:
877 3448 909 3511 ‘a
924 3446 1093 3512 Romanis'
1117 3464 1182 3511 non
1206 3446 1246 3512 de
1261 3448 1401 3529 impera·

179 3554 303 3632 torum
338 3552 396 3617 sed
429 3552 552 3619 liberae
578 3553 776 3634 reipublicae
800 3553 970 3619 Romanae
998 3553 1199 3635 temporibus
1227 3555 1283 3638 agi
1305 3558 1402 3636 putat

179 3656 235 3744 (ol.
252 3658 510 3742 Latyscheuium
533 3660 581 3726 in:
605 3660 639 3726 b.‘
660 3660 691 3726 d.
715 3679 743 3725 o.
767 3661 799 3726 h.
825 3659 921 3742 1885,
945 3681 977 3742 p.
1001 3659 1097 3746 271),
1121 3661 1209 3727 haud
1232 3662 1402 3744 probanda

179 3765 323 3847 videtum
359 3766 431 3847 sed,
467 3785 541 3832 oum
569 3767 602 3833 in
626 3768 726 3848 bello,
761 3768 848 3849 quod
871 3767 1016 3851 Scythae
1044 3773 1219 3851 gesserunt
1242 3770 1401 3838 adversus

181 3870 421 3938 Chersonesum
444 3874 572 3956 urbem,
596 3873 738 3941 Romam
754 3875 845 3941 ducis
860 3875 1049 3941 interventu
1064 3875 1200 3942 libertas
1218 3875 1401 3945 Chersone·

179 3979 296 4045 sitanis
319 3980 451 4045 firmata
474 3981 528 4061 sit,
552 3981 648 4046 facile
670 3981 886 4064 intellegitur,
910 4001 968 4048 cur
990 3981 1117 4048 Plinius
1142 3983 1305 4049 addiderit
1327 3984 1401 4067 ipsa

178 4086 294 4151 verba:
320 4089 351 4152 ‘a
366 4087 545 4153 Romanis'.
581 4087 731 4168 Accedit,
757 4089 842 4169 quod
867 4109 906 4154 ex
930 4089 1025 4154 titulo
1049 4090 1121 4172 ipso
1146 4090 1301 4156 docemur
1316 4093 1401 4158 hanc

178 4212 249 4259 rem
270 4193 469 4275 Vespasiani
497 4197 608 4260 aetate
632 4195 714 4260 satis
739 4200 852 4261 notam
876 4196 1086 4279 dignamque,
1116 4216 1200 4278 quae
1223 4199 1401 4265 memoriae

178 4300 381 4382 proderetur,
405 4301 511 4367 uisam
535 4320 621 4383 esse3
645 4320 722 4366 nam
745 4301 848 4384 ipsius
863 4303 1062 4387 Vespasiani
1084 4303 1283 4372 laudationis
1298 4305 1401 4374 verba

179 4407 213 4474 in
235 4406 331 4473 titrdo
355 4407 401 4495 (v.
426 4407 569 4495 32-35)
594 4408 784 4475 afferuntur.

1095 4551 1099 4556 .
1205 4518 1238 4571 5*
