3174 4860
638 224 858 290 *11-

139 420 225 485 sicut
238 418 273 483 in
289 417 477 484 ordinandis
493 416 670 500 provinciis
686 416 796 483 facere
812 416 974 483 solebant
1005 416 1135 497 Itaque,
1159 434 1231 482 cum
1249 415 1358 483 omnia

138 524 265 592 urbium
278 524 453 609 ‚privilegia
469 528 651 605 servarent,
667 542 752 606 quae
768 528 857 590 certe
873 523 933 589 sub
948 522 1080 605 regibus
1096 540 1161 588 non
1175 522 1225 589 ita
1236 542 1358 607 magna

138 634 279 714 fuerunt,
304 632 526 699 autonomiam
551 650 679 713 quoque
700 631 746 697 eis
762 630 896 696 urbibus
912 629 1124 711 rehquerunt,
1140 666 1183 675 --
1199 630 1257 696 sed
1273 649 1357 712 eam,

138 758 204 823 qua
237 744 337 806 antea
370 740 422 806 usi
450 745 546 806 erant
573 739 633 805 sub
661 738 802 822 regibus.
848 737 961 819 Atque
984 738 1067 804 haec
1090 743 1276 820 causaest,
1300 757 1358 804 cur

138 847 264 932 Syriae,
287 846 497 928 Phoeniciae,
522 845 657 913 Ciliciae
680 847 721 912 al.
730 844 754 930 1)
778 846 907 912 urbium
921 846 1056 912 hbertas
1072 845 1118 910 nil
1132 845 1201 912 tere
1215 845 1359 913 ualuisse

136 955 303 1036 videatur,
332 973 390 1021 cur
413 973 472 1020 eae
495 954 605 1036 peiore
628 957 720 1020 statu
742 972 824 1020 usae
848 953 915 1018 sint
937 972 1036 1034 quam
1060 953 1212 1019 civitates
1234 953 1357 1020 liberae

137 1062 341 1147 (Mommsen,
366 1060 413 1128 St.
430 1063 471 1147 R,
494 1062 558 1143 ΙΠ,
581 1082 612 1144 p.
637 1060 717 1143 6593
741 1059 829 1145 684).

225 1167 319 1250 Quae
346 1188 420 1235 cum
443 1169 492 1234 ita
515 1168 596 1250 sint,
630 1188 736 1250 neque
759 1169 950 1234 autonomia
971 1187 1076 1249 neque
1100 1169 1207 1252 asylia
1228 1168 1356 1234 urbium

137 1275 282 1344 Orientis
317 1277 393 1343 tals
427 1276 503 1358 fuit,
538 1281 576 1342 ut
604 1276 789 1358 comparari
813 1280 845 1342 et
869 1276 1048 1358 adaequari
1070 1276 1176 1357 possit
1199 1295 1273 1341 cum
1295 1276 1358 1341 hoc

134 1384 297 1451 libertatis
321 1387 380 1473 aut
403 1383 487 1467 asyli
509 1383 594 1473 iure,
618 1383 705 1465 quod
728 1383 913 1450 habuerant
936 1382 1087 1450 Graecae
1109 1383 1221 1464 urbes;
1250 1402 1355 1464 neque

135 1490 305 1559 enim'toti
327 1491 410 1571 urbi,
434 1509 519 1572 quae
542 1509 577 1557 se
598 1498 672 1577 ἱερὰν
698 1498 744 1559 καὶ
765 1496 863 1559 ἄσυλον
879 1490 1058 1573 praedicat,
1082 1509 1143 1557 nec
1158 1490 1219 1556 soli
1234 1490 1355 1577 templo

134 1601 265 1682 plenum
287 1598 338 1664 ius
362 1598 447 1682 asyli
470 1599 600 1683 (Barth,
624 1599 644 1664 l.
661 1598 682 1663 l.
699 1619 730 1680 p.
748 1598 781 1683 6)
806 1601 865 1665 aut
888 1617 909 1664 a
931 1597 1062 1684 regibus
1087 1602 1145 1664 aut
1161 1617 1182 1664 a
1197 1597 1356 1664 Romanis

135 1725 326 1772 concessum
356 1724 428 1772 esse
451 1710 542 1788 puto.
582 1705 694 1787 Atque
718 1706 931 1772 confirmatur
953 1706 1036 1772 haec
1059 1705 1224 1771 sententia
1247 1723 1287 1770 ea
1309 1724 1356 1786 re,

53 1903 56 1908 Δ
136 1813 221 1896 quod
244 1815 334 1880 solae
359 1812 509 1880 Graecae
532 1814 629 1880 urbes
653 1834 674 1880 a
696 1813 811 1879 Tacito
836 1813 922 1898 (ann.
939 1813 1003 1895 111,
1020 1813 1164 1899 60-63)
1187 1813 1357 1879 nominan-

136 1925 204 2004 tur,
240 1940 377 2003 quarum
405 1920 571 2004 asylorum
599 1921 694 2003 copia
718 1920 866 1986 Tiberius
891 1901 1130 2002 offendebatur,
1163 1939 1268 2002 neque
1289 1921 1357 1986 ulla

136 2046 248 2094 earum
272 2025 503 2113 civitatium,²)
528 2047 612 2110 quae
635 2036 708 2115 ἱερὰς
724 2035 770 2096 καὶ
791 2035 905 2100 ἀσύλους
928 2047 964 2094 se
987 2046 1060 2094 esse
1083 2029 1281 2111 gloriantur,
1317 2027 1357 2094 de

134 2135 258 2201 iuribus
281 2135 348 2201 suis
371 2135 539 2201 mittendis
564 2135 802 2220 (Ταα.1.1.60)
828 2135 992 2219 cogitasse
1015 2135 1167 2201 traditur.
1202 2137 1279 2201 Huc
1302 2120 1356 2202 ae-

136 2241 231 2322 cedit,
256 2242 342 2323 quod
365 2241 541 2308 Suetonius
566 2242 649 2327 (Tib.
674 2242 746 2327 31),
771 2243 799 2309 si
823 2244 951 2316 omnino
976 2242 1045 2308 eius
1069 2243 1171 2309 verba
1193 2244 1357 2325 respicere

134 2350 295 2430 volumus,
312 2368 396 2431 quae
413 2351 453 2415 ab
471 2350 630 2432 omnibus,
647 2351 703 2431 qui
719 2350 758 2416 de
774 2351 837 2416 hac
848 2370 884 2416 re
896 2351 1108 2433 scripserunt,
1126 2354 1185 2416 aut
1195 2350 1324 2434 neglegi
1331 2348 1355 2435 ³)

135 2463 193 2523 aut
204 2457 292 2523 haud
304 2457 353 2523 ita
364 2458 495 2539 proprio
509 2476 607 2524 sensu
620 2457 807 2541 explicarit
820 2476 918 2541 aegre
931 2459 1010 2540 fero,
1019 2458 1042 2543 5)
1055 2458 1135 2540 ipsis
1148 2458 1257 2524 verbis
1274 2458 1357 2524 satis

135 2563 860 2648 dilucidedeomnibusasylis,quaeusquam
873 2565 1357 2647 erant,verbafacit:‘abolevit

136 2670 216 2755 (scil.
241 2670 402 2756 Tiberius)
427 2672 533 2738 etius
556 2691 745 2754 moremque
768 2673 945 2757 asylorum,
969 2692 1053 2755 quae
1076 2691 1216 2755 usquam
1232 2672 1355 2740 erant.

207 2886 228 2954 ¹)
247 2885 369 2942 Iudaeae
388 2887 482 2941 autem
500 2885 593 2954 urbes,
614 2901 683 2958 quas
703 2883 752 2942 Gn.
772 2884 921 2956 Pompeius
941 2883 1035 2957 ἀφῆκεν
1055 2884 1194 2959 ἐλευθέρας
1213 2885 1279 2955 (Ios.
1299 2887 1357 2942 ant.

134 2974 206 3045 XIV,
226 2978 250 3046 4,
269 2979 308 3044 4),
326 2973 375 3030 illc
394 2975 449 3030 nisi
467 2993 484 3031 a
501 2974 669 3031 ludaeorum
689 2974 832 3030 dominatu
850 2992 907 3030 non
925 2975 1057 3031 liberavit
1075 2974 1140 3044 (Ios.
1160 2975 1225 3032 bell.
1243 2975 1266 3043 I,
1285 2979 1311 3045 7,
1324 2979 1355 3033 7:

134 3062 313 3138 ἠλευθέρωσεν
333 3063 374 3116 ἀπ’
394 3061 476 3118 αὐτῶν
495 3064 566 3135 [scil.
580 3062 746 3135 Ἰουδαίων),
766 3080 877 3136 easque,
897 3080 961 3120 cum
974 3063 1071 3136 Syriae
1083 3064 1244 3135 proconsuli
1255 3081 1356 3136 parere

135 3152 244 3209 iuberet
262 3153 325 3218 (Ios.
344 3155 401 3209 ant.
420 3152 490 3224 xlv,
508 3157 534 3220 4,
547 3157 577 3212 4:
596 3154 744 3227 προσένειμε
762 3159 794 3226 τῇ
815 3151 935 3228 ἐπαρχίᾳ
954 3152 1020 3214 bell.
1038 3154 1060 3222 Ι,
1074 3157 1100 3224 ’1,
1113 3157 1141 3211 7:
1161 3154 1296 3222 κατέταξεν
1316 3149 1352 3216 εἰς

135 3241 181 3315 τὴν
201 3241 326 3316 Συριακὴν
347 3241 488 3314 ἐπαρχίαν),
507 3242 574 3312 suis,
592 3259 648 3299 non
668 3242 834 3299 Iudaeorum
853 3242 961 3313 legibus
980 3243 1023 3298 uti
1040 3242 1136 3300 voluit.
1163 3243 1206 3300 Nc
1224 3243 1278 3300 hae
1296 3237 1356 3317 qui·

134 3332 198 3389 dem
215 3333 290 3389 inter
308 3332 421 3397 liberes,
440 3332 490 3388 scd
507 3333 583 3389 inter
601 3331 754 3405 αὐτονόμους
773 3336 929 3390 versantur.

206 3425 227 3492 ²)
245 3424 369 3494 exceptis
389 3421 523 3479 Sardibus
529 3443 537 3490 ;
565 3439 620 3495 quo
643 3425 769 3494 tempore
794 3423 852 3478 eius
873 3423 951 3480 urbis
970 3422 1070 3480 titulus
1088 3422 1196 3494 positus
1216 3424 1266 3494 sit,
1292 3424 1356 3480 vida

135 3513 214 3569 catal.
234 3531 257 3571 s.
275 3530 312 3568 v.:
334 3512 445 3570 Sardes.
941 3559 943 3563 ,

204 3604 226 3673 ⁸)
246 3620 271 3661 e.
290 3619 315 3673 g.
334 3603 376 3659 in:
397 3601 495 3673 Pauly,
512 3601 643 3658 Realenc.
662 3601 685 3674 l,
703 3619 730 3674 p.
753 3604 828 3660 1947.

205 3694 226 3763 ⁴)
245 3709 268 3748 e.
288 3709 314 3763 g.
334 3691 498 3762 hartmann,
517 3691 534 3746 1.
554 3691 572 3750 l.
591 3709 617 3763 p.
640 3694 681 3763 19,
700 3709 724 3748 a.
744 3695 769 3750 2.

204 3782 225 3853 Ι)
245 3781 372 3839 Suetonii
395 3781 482 3838 verba
501 3797 563 3837 cum
582 3781 672 3839 Taciti
690 3782 765 3838 haud
783 3783 841 3839 scio
860 3799 897 3838 an
916 3782 1111 3854 coniungenda
1129 3786 1206 3852 sunt3
1234 3783 1355 3842 fortasse

133 3871 207 3926 enim
226 3871 316 3928 Taciti
334 3871 420 3926 verba
439 3870 512 3941 (1.1.)
531 3871 571 3927 ita
589 3871 805 3943 interpretanda
823 3874 897 3944 sunt,
917 3875 1023 3929 utnon
1042 3873 1076 3929 de
1094 3874 1234 3940 restricto,
1253 3875 1302 3931 sed
1322 3875 1357 3932 de

133 3960 237 4017 aboHto
265 3961 326 4016 iure
349 3960 421 4030 asyli
443 3961 506 4031 ipse
524 3976 635 4033 quoque
653 3961 740 4018 verba
758 3962 859 4018 fecisse
877 3960 1014 4020 videatur.
1050 3963 1112 4019 Duo
1130 3963 1174 4019 illi
1193 3963 1258 4034 loci,
1287 3981 1356 4037 quos

132 4050 206 4106 solos
229 4067 263 4107 ex
282 4051 410 4108 omnibus
429 4049 464 4106 dc
483 4050 554 4121 asyli
571 4051 633 4106 iure
651 4051 772 4122 scriptis,
791 4051 838 4108 ubi
857 4055 923 4123 post
940 4068 1043 4108 annum
1062 4055 1096 4109 22
1114 4053 1186 4126 asyli
1202 4054 1307 4111 mentio
1326 4053 1358 4111 lit

131 4139 216 4213 (Plut
235 4156 304 4196 mor.
323 4157 351 4211 p.
371 4138 462 4210 828⁶;
490 4140 554 4210 Dig.
574 4142 618 4212 21,
640 4145 662 4210 1,
684 4144 727 4211 17,
745 4142 760 4211 5
782 4143 838 4212 12),
866 4142 1006 4212 excerpsi,
1029 4140 1148 4199 fortasse
1167 4143 1250 4200 aliter
1268 4144 1356 4215 expli·

131 4230 212 4288 candi
235 4232 314 4300 sunt3
343 4229 511 4286 Plutarchus
531 4230 605 4286 enim
624 4247 658 4285 ex
676 4230 754 4286 fonte
772 4246 823 4286 suo
842 4231 936 4286 omnia
955 4231 1084 4304 exempla
1102 4233 1154 4289 hoc
1173 4233 1233 4290 loco
1253 4233 1356 4290 collata

130 4321 286 4392 sumpsisse
303 4319 427 4388 videtur3
454 4335 522 4376 num
537 4319 641 4376 similis
658 4336 705 4376 res
723 4319 759 4376 de
776 4318 893 4391 Ulpiani
910 4320 971 4376 loco
995 4322 1070 4392 (hig.
1089 4322 1107 4377 l.
1127 4323 1157 4394 lt)
1182 4323 1238 4380 dici
1255 4324 1354 4396 pessit,

129 4409 245 4466 dubium
265 4411 315 4465 cst.
344 4407 399 4465 Sed
418 4409 487 4465 haec
504 4425 551 4465 res
569 4426 650 4466 suam
667 4409 881 4482 inquisitionem
900 4409 1051 4467 desiderat.
