3174 4860
677 231 894 298 ,15-

265 422 427 492 Civitates
451 425 571 492 liberae
595 424 627 490 in
652 424 797 507 singulas
821 421 1012 504 provincias¹
1031 421 1219 503 dispositae.

695 654 878 740 Hispenlc.

218 791 220 796 ’
263 781 428 863 Hispania
455 783 589 850 secundi
604 783 692 849 'belli
714 781 832 848 Punici
859 788 1007 863 tempore
1030 798 1051 845 a
1074 779 1232 845 Romanis
1256 777 1395 844 subacta

178 891 210 954 et
235 889 334 970 paulo
361 893 438 970 post
465 889 714 970 inprovinciae
742 889 881 954 formam
904 887 1055 969 redacta,
1091 887 1132 953 ab
1154 885 1324 968 Augusto,
1359 888 1398 949 ut

176 994 315 1077 videtur,
338 995 372 1059 in
396 1000 464 1060 tres
487 1000 600 1078 partes
624 996 730 1062 divisa
753 1000 805 1062 est
828 994 1046 1079 (Marquardt,
1071 992 1120 1060 St.
1143 993 1185 1058 V.
1208 989 1250 1072 12,
1275 1011 1306 1072 p.
1331 989 1394 1053 251

176 1100 309 1185 -253),
333 1121 470 1184 quarum
494 1102 627 1168 nomina
643 1108 732 1169 sunt:
759 1101 1026 1183 Tarraconensis,
1043 1100 1193 1181 Baetica,
1209 1097 1394 1164 Lusitania.

264 1209 449 1275 Universae
466 1209 649 1292 Hispaniae
665 1210 891 1291 Vespasianus
907 1209 1088 1291 imperator
1110 1207 1160 1273 ius
1175 1205 1267 1271 Latii
1282 1203 1398 1269 tribuit

178 1314 275 1400 (Plin.
300 1333 331 1380 n.
354 1316 387 1381 h.
403 1316 467 1397 ΠΙ,
485 1317 541 1397 30;
567 1316 607 1382 cf.
631 1316 837 1403 Marquardt,
861 1314 911 1382 st.
927 1317 968 1382 V.
992 1313 1035 1397 1²,
1051 1335 1083 1397 p.
1101 1312 1164 1377 258
1189 1316 1223 1377 et
1246 1311 1320 1378 adn.
1346 1310 1395 1394 6);

177 1422 288 1504 itaque
311 1423 374 1487 hoc
398 1423 440 1489 ad
463 1423 593 1506 singula
616 1423 736 1505 oppida
758 1423 918 1490 adnotare
941 1421 1147 1505 supersedeo.

265 1529 305 1594 In
328 1530 539 1596 Lusitania
563 1531 715 1598 civitates
737 1531 860 1597 liberae
883 1535 982 1597 notae
1005 1548 1070 1595 non
1093 1532 1180 1595 sunt.

591 1746 787 1828 Hispania
809 1745 984 1812 Baetica.

343 1852 372 1917 1.
412 1851 535 1919 Gades.

269 1976 353 2042 Post
375 1977 566 2043 interfectos
592 1977 652 2045 Gn.
678 1984 711 2044 et
733 1978 773 2044 P.
791 1976 959 2060 Scipiones
983 1979 1023 2043 L.
1043 1975 1200 2056 Marcius,
1224 1975 1320 2058 primi
1342 1975 1400 2057 pili

182 2084 344 2165 centurio,
380 2103 465 2150 anno
493 2082 640 2152 5421212
670 2086 755 2170 (Lis.
772 2084 826 2165 25,
843 2086 897 2166 37,
914 2083 949 2169 2)
977 2103 1050 2150 eum
1075 2082 1251 2149 Gaditanis
1285 2081 1399 2147 foedus

181 2190 259 2256 feeit
281 2188 363 2274 (Cic.
387 2210 418 2273 p.
442 2192 538 2258 Balb.
564 2192 629 2276 34).
676 2193 791 2274 Neque
815 2197 927 2257 tamen
951 2191 991 2256 ob
1016 2191 1078 2256 hoo
1105 2190 1220 2256 foedus
1243 2189 1320 2255 belli
1343 2207 1398 2270 ge-

182 2297 275 2363 rendi
310 2317 411 2364 causa
445 2318 519 2365 cum
547 2300 691 2381 quolibet
720 2299 801 2365 duce
824 2300 973 2364 Romano
997 2297 1122 2364 sactum
1146 2296 1258 2364 Gades
1282 2295 1400 2361 civitas

182 2404 352 2472 foederata
374 2406 446 2487 luit,
471 2406 491 2472 i.
510 2427 537 2473 e.
555 2406 683 2487 civitas,
709 2405 760 2472 cui
784 2405 924 2472 foederis
947 2406 1020 2489 lege
1043 2405 1178 2471 libertas
1201 2404 1334 2470 firmata
1350 2406 1401 2468 est

183 2530 204 2577 a
231 2517 348 2578 senatu
377 2517 435 2578 aut
461 2514 580 2594 populo
604 2513 768 2595 Roman03
804 2513 891 2594 quod
919 2532 992 2579 cum
1016 2511 1176 2579 Gaditani
1197 2511 1260 2576 viri
1282 2508 1403 2591 publici

183 2619 263 2684 iuris
293 2620 390 2701 periti
413 2625 502 2686 recte
525 2621 784 2703 perspexissent,
818 2621 946 2703 legatos
969 2621 1109 2686 Romam
1137 2618 1311 2698 miserunt,
1346 2615 1402 2698 qui

183 2726 223 2792 de
246 2727 376 2793 loedere
400 2747 421 2794 a
444 2733 562 2794 senatu
585 2728 810 2810 postularent.
841 2726 937 2809 Quod
960 2728 1084 2795 lactum
1107 2730 1159 2792 est
1175 2743 1260 2810 anno
1278 2720 1400 2810 676178

185 2831 266 2916 (Cic.
283 2835 303 2900 l.
317 2834 362 2916 1.).
386 2835 493 2901 Huius
509 2835 649 2901 foederis
665 2836 863 2901 mentionem
879 2835 988 2901 facere
999 2834 1130 2900 videtur
1143 2831 1262 2899 Strabo
1279 2830 1353 2916 (ΠΙ,
1370 2829 1401 2910 2,

184 2959 214 3022 p.
242 2942 328 3024 141).
884 3006 887 3011 .

273 3046 310 3115 G.
328 3047 455 3116 Caesar
478 3069 563 3116 anuo
589 3049 711 3118 705149
734 3051 883 3117 omnibus
901 3049 1077 3117 Gaditanis
1094 3047 1264 3114 civitatem
1280 3046 1401 3110 Roma·

183 3175 259 3223 uam
284 3156 374 3223 dedit
397 3157 452 3242 (D.
477 3156 572 3224 (lass,
597 3160 650 3239 41,
667 3158 720 3239 24,
740 3159 773 3239 1;
803 3155 1116 3238 Colum.8.16,9);
1145 3172 1208 3236 quo
1232 3154 1279 3233 fit,
1302 3156 1340 3218 ut
1363 3150 1401 3218 G.

183 3253 320 3330 Asinius
348 3263 454 3330 Pollio
485 3264 566 3351 (Cic.
597 3266 639 3332 ad
667 3267 744 3332 farn.
767 3265 812 3346 X,
829 3266 883 3346 32,
900 3265 933 3348 2)
958 3283 1042 3330 anno
1073 3259 1196 3329 711l43
1225 3266 1258 3327 et
1282 3259 1402 3326 Strabo

185 3369 259 3454 (ΠΙ,
275 3370 307 3451 5,
331 3391 362 3453 p.
382 3372 457 3455 169)
487 3372 527 3439 de
551 3372 727 3440 Gaditanis
756 3373 919 3454 equitibus
946 3369 1119 3450 Romanis,
1147 3368 1274 3434 Plinius
1303 3367 1403 3451 (nh.

185 3477 242 3558 IV,
270 3478 345 3561 119)
370 3478 409 3544 de
438 3478 586 3546 Gadibus
611 3479 729 3562 oppido
754 3480 874 3546 civium
897 3481 1121 3545 Romanorum
1145 3477 1246 3543 verba
1269 3476 1403 3541 faciant.

185 3583 356 3669 Augustus
395 3606 522 3669 quoque
557 3588 630 3653 urbi
657 3588 758 3672 favit3
795 3606 835 3653 ea
870 3588 955 3654 enim
988 3587 1022 3652 in
1056 3585 1269 3665 inscriptione
1304 3582 1402 3667 (CIL.

187 3690 231 3773 H,
257 3692 370 3777 1313):
394 3713 482 3760 mun.
508 3693 595 3778 Aug.
614 3694 711 3774 Gad,
736 3695 824 3762 cives
847 3694 989 3761 Romani
1005 3693 1155 3760 Gadibus
1178 3691 1404 3757 habitantesa
1472 3778 1476 3786 Ι

187 3797 295 3865 Plinio
320 3800 352 3884 (l.
369 3800 403 3884 1.)
427 3800 617 3884 Augustani
639 3806 811 3867 vocantur.

345 3942 376 4008 2.
412 3943 524 4028 Astigi
546 3948 652 4012 vetus

274 4068 430 4134 ulcerum
454 4070 607 4152 oppidum
631 4069 744 4153 Astigi
765 4075 861 4137 vaus
884 4074 984 4136 vocat
1006 4069 1133 4135 eunus
1147 4067 1190 4151 (n.
1211 4068 1244 4132 n.
1260 4065 1322 4145 m,
1341 4063 1405 4146 12).

189 4171 360 4240 Coloniam
382 4175 571 4259 Augustam
594 4177 742 4243 Firmam
765 4177 1003 4260 Astigitanam,
1028 4194 1127 4258 quam
1143 4173 1270 4239 Plinius
1293 4170 1410 4236 eodem¹

188 4280 259 4346 loeo
293 4283 456 4366 nominat,
491 4304 556 4351 non
592 4285 729 4353 eandem
757 4303 829 4351 esse
864 4288 963 4365 atque
998 4283 1112 4349 urbem
1135 4281 1272 4347 liberam
1287 4276 1411 4380 'Astigi‘

188 4393 283 4477 setus
308 4395 397 4457 recte
420 4397 531 4459 monet
553 4393 692 4458 Hlibner
715 4392 813 4476 (CIL.
837 4385 885 4471 Π,
907 4410 938 4473 p.
956 4386 1044 4473 201).
1073 4383 1076 4389 ’
