3174 4860
680 218 900 283 -25-

339 410 370 480 5.
416 409 574 477 Halaesa.

268 517 430 597 Halaesa,
455 516 573 584 civitas
602 517 705 584 libera
731 522 765 583 et
792 517 946 585 immunis
970 515 1052 602 (Cio.
1076 519 1171 585 Verr.
1195 520 1241 601 H,
1265 521 1296 603 2,
1323 522 1400 605 166;

180 624 212 712 3,
238 624 293 706 13;
316 623 413 690 Diod.
429 623 523 705 XIV,
541 623 594 706 16,
611 624 654 708 3),
680 624 833 706 oppidum
856 625 1104 707 stipendiarium
1128 630 1201 692 erat
1216 627 1402 696 ineuntibus

180 730 325 814 Augusti
348 730 548 813 temporibus
573 730 669 815 (Plin.
694 750 727 800 n.
749 732 782 798 h.
805 731 869 814 IH,
893 731 960 817 91),
988 737 1064 815 post
1089 750 1211 799 annum
1236 732 1337 803 atala
1361 736 1403 804 ab

180 839 333 922 Augusto
356 837 523 921 munioipii
545 838 596 905 ius
620 838 749 921 aoeepit
772 837 870 923 (0111.
894 840 938 920 X,
964 839 1072 924 7458).

339 963 369 1030 6.
404 962 601 1031 Panormus.

267 1071 464 1154 Panormus,
488 1071 607 1138 eivitas
629 1071 732 1139 libera
756 1075 790 1138 et
811 1072 964 1138 immunis
989 1069 1070 1157 (Oie.
1093 1072 1186 1141 Verr.
1210 1073 1256 1157 H,
1280 1075 1311 1157 3,
1337 1076 1402 1160 13),

178 1179 312 1247 ineunte
324 1177 469 1262 Augusti
484 1183 597 1246 aetate
609 1178 859 1261 stipendiarium
875 1180 1028 1263 oppidum
1045 1185 1119 1247 erat
1131 1181 1228 1266 (Plin.
1245 1201 1276 1249 n.
1294 1184 1325 1248 h.
1338 1183 1401 1266 IH,

178 1286 250 1372 90);
286 1286 327 1353 ab
351 1285 505 1369 Augusto
529 1305 570 1353 aa
593 1287 721 1353 oolonia
743 1287 833 1354 faeta
857 1291 908 1353 ost
932 1285 1031 1373 (CIL.
1054 1288 1098 1370 X,
1124 1289 1224 1372 7279;
1254 1289 1320 1357 Str.
1344 1292 1403 1374 VI,

179 1393 211 1474 2,
234 1412 266 1476 p.
283 1392 363 1475 272;
387 1393 428 1460 of.
453 1392 570 1477 Ounta,
594 1394 615 1459 l.
639 1395 660 1460 l.
684 1414 716 1477 p.
733 1393 803 1478 38);
827 1394 1041 1477 nequeenim
1065 1400 1181 1464 eontra
1203 1398 1287 1463 haee
1308 1397 1402 1464 testi·

179 1500 291 1567 monia
314 1499 489 1582 quiequam
516 1501 629 1568 valent
657 1501 759 1567 verba
781 1501 931 1568 Beloehii
967 1501 999 1586 (l.
1023 1503 1044 1567 l.
1069 1522 1100 1585 p.
1124 1503 1189 1567 325
1214 1509 1248 1571 et
1270 1505 1345 1572 adn.
1369 1506 1403 1590 4)

180 1607 332 1691 negantis
356 1612 471 1676 auten
488 1606 660 1675 Strabonis
683 1607 746 1675 fide
770 1612 828 1675 aut
851 1627 892 1674 ex
908 1609 1018 1676 titulo:
1043 1610 1114 1675 ‘ool
1131 1609 1219 1694 Aug.
1234 1611 1403 1680 Panorm'

182 1714 330 1782 oonoludi
358 1715 457 1783 lioere
480 1714 520 1782 de
547 1720 694 1798 tempore
718 1715 878 1783 deduotae
906 1717 1053 1784 ooloniae
1077 1717 1253 1801 Augustae
1275 1718 1403 1786 Panor-

181 1821 335 1889 mitanaa.

341 1948 371 2014 8.
550 2000 557 2016 .

271 1947 582 2138 ὃθςθεωῗθὶἳίἒῗω
610 2056 714 2123 libera
737 2061 771 2123 et
792 2057 945 2124 immunis
970 2057 1052 2144 (Oia.
1076 2059 1171 2126 Verr.
1196 2060 1241 2141 II,
1266 2060 1297 2142 2,
1324 2061 1401 2144 166;

184 2161 216 2243 3,
243 2161 306 2246 13),
341 2162 488 2246 Augusti
511 2167 623 2232 aetate
646 2163 760 2231 Latini
782 2163 862 2230 iuris
887 2168 969 2232 erat.
1016 2165 1113 2251 (Plin.
1138 2186 1170 2231 n.
1194 2168 1226 2232 h.
1249 2166 1312 2250 IH,
1337 2167 1404 2252 91).

342 2287 372 2353 8.
478 2287 485 2302 “
574 2340 580 2354 .

271 2288 592 2479 Haueyfflffis
614 2397 718 2464 libera
740 2403 775 2464 et
797 2397 949 2464 immunis
974 2396 1055 2483 (Cio.
1079 2399 1174 2466 Verr.
1198 2401 1243 2481 Π,
1268 2400 1299 2483 2,
1325 2399 1404 2481 166;

182 2501 439 2586 3,13),Augusti
451 2507 562 2570 aetate
575 2503 728 2586 oppidum
740 2503 989 2587 stipendiarium
1002 2510 1075 2572 erat
1087 2504 1222 2592 (Plinn.
1230 2507 1330 2587 nm,
1338 2507 1405 2592 91).

697 2699 891 2782 Illyricum.

271 2843 438 2928 illyricum
461 2843 537 2910 inde
560 2844 602 2912 ab
619 2862 705 2911 anno
721 2842 867 2913 525l229
892 2845 1111 2928 compluribus
1126 2845 1218 2912 bellis
1234 2846 1407 2913 subactum

185 2950 389 3035 (Mommsen,
405 2951 446 3019 R.
464 2950 506 3019 G.
523 2951 579 3034 Vl,
603 2972 634 3034 p.
653 2951 729 3036 182)
753 2951 795 3018 ab
818 2951 971 3036 Augusto
986 2952 1020 3017 in
1035 2952 1118 3019 duas
1134 2957 1246 3034 partes
1268 2953 1408 3020 divisum

184 3063 250 3140 est,
273 3058 482 3149 Pannoniam
505 3063 539 3125 et
562 3077 619 3125 eas
643 3059 804 3142 regiones,
828 3078 913 3140 quae
935 3061 1033 3142 paulo
1057 3064 1133 3142 post
1155 3060 1327 3127 Dalmatia
1349 3079 1407 3128 vo·

184 3170 281 3234 eatae
304 3171 381 3233 sunt
404 3166 609 3252 (Mommsen,
632 3166 673 3233 R.
699 3165 741 3234 G.
765 3165 821 3248 V³,
845 3185 876 3248 p.
903 3163 1071 3251 183l184).

682 3310 896 3377 Dalmatia.

275 3420 304 3486 1.
339 3418 493 3504 Iapydas.

272 3526 325 3592 De
347 3527 510 3611 Iapydum
532 3525 663 3593 foedere
686 3527 789 3593 verba
811 3525 893 3593 faoit
917 3524 1033 3593 Oieero
1058 3525 1101 3611 (p.
1125 3526 1221 3593 Balb.
1238 3526 1293 3611 32)
1319 3546 1404 3594 anno

185 3629 319 3700 duales.
365 3634 481 3717 Neque
508 3638 574 3714 est,
610 3651 670 3700 our
702 3633 858 3699 miremur
884 3631 1015 3699 foedere
1044 3651 1118 3699 oum
1141 3634 1300 3700 Romanis
1329 3653 1405 3721 conf

103 3790 105 3793 .
183 3739 312 3806 iunetos
336 3760 410 3807 esse
425 3738 577 3824 Iapydas,
602 3739 642 3806 de
665 3740 782 3822 quibus
805 3739 872 3806 iam
896 3757 981 3805 anno
1006 3737 1152 3808 625l129
1168 3741 1406 3824 triumphatum

186 3852 237 3914 est
263 3847 362 3933 (CIL.
386 3848 415 3929 I,
439 3868 470 3930 p.
493 3846 582 3929 459).
627 3847 715 3913 Nam
750 3865 850 3930 saepe
884 3847 972 3929 apud
1000 3848 1167 3913 Romanos
1204 3848 1243 3914 de
1277 3849 1405 3931 populis

184 3954 240 4021 vix
263 3954 413 4037 deviatio,
436 3954 554 4020 nedum
576 3954 674 4036 plane
698 3953 829 4020 domitis
853 3953 1092 4036 triumphatum
1115 3974 1187 4021 esse
1210 3961 1324 4021 notum
1340 3961 1405 4039 est3

184 4061 224 4128 de
246 4063 310 4128 hoo
332 4062 497 4144 triumpho
520 4061 554 4128 id
575 4061 683 4143 ipsum
706 4061 833 4127 monuit
856 4061 971 4142 Zippel
994 4061 1101 4146 (Rom.
1122 4062 1282 4128 Herrsoh.
1306 4063 1328 4128 i.
1344 4063 1407 4145 Ill,

185 4188 216 4251 p.
242 4168 335 4253 137).
376 4169 538 4235 Videntur
570 4167 671 4251 igitur
693 4167 836 4234 Romani
865 4186 939 4234 oum
966 4167 1017 4234 his
1040 4168 1169 4258 populis
1192 4169 1342 4236 barbaris
1367 4189 1407 4236 ea

185 4276 258 4359 laga
285 4275 419 4343 foedera
441 4275 573 4358 iecisse,
608 4279 658 4358 ut,
694 4293 768 4340 oum
792 4273 839 4340 eis
862 4274 1049 4341 libertatem
1072 4275 1203 4342 foedere
1226 4276 1407 4359 firmarent,

186 4382 251 4465 ipsi
273 4383 339 4450 tuti
361 4387 473 4450 essent
496 4383 538 4450 ab
562 4402 674 4450 eorum
697 4381 949 4449 incursionibus.
977 4451 980 4457 ,
