3174 4860
685 225 905 290 ..73-

186 418 361 502 1128729,
396 421 607 502 Marquardt‚
632 420 681 486 St.
706 421 745 485 V.
769 417 811 499 Il,
839 438 870 499 p.
895 417 970 497 384,
994 435 1024 482 a.
1051 415 1116 501 10).
1168 415 1279 481 Etiam
1314 418 1403 496 post·

186 548 284 611 quam
306 527 493 594 Antioohus
522 547 542 593 a
569 526 775 609 Vespasiano
811 543 911 608 regno
947 523 1106 605 spoliatus
1141 527 1206 603 est,
1242 520 1404 587 Sebasten

185 635 292 703 tenuit
318 635 509 701 Alexander
535 654 608 716 ren,
643 633 801 699 Antiochi
827 651 928 715 gener
952 631 1032 717 (Ios.
1057 635 1124 696 ant.
1148 630 1277 710 XVIH,
1301 628 1332 711 5,
1356 626 1403 712 4).

186 742 321 808 Traiani
349 747 496 824 tempore
531 742 648 808 civitas
682 741 786 806 libera
821 743 903 820 erat,
939 737 1098 820 siquidem
1126 741 1215 802 reete
1243 754 1278 801 se
1306 736 1406 801 habet

186 869 354 931 nummus,
380 869 476 932 quem
499 849 635 931 praebet
658 848 835 914 seeundum
856 845 1034 912 Sestinium
1054 845 1203 909 Mionnet
1227 842 1271 930 (d.
1295 843 1326 908 d.
1349 862 1403 923 m.‚

185 955 218 1022 S.
234 957 312 1038 VH,
329 978 360 1039 p.
377 956 453 1038 294,
477 976 508 1021 n.
526 954 615 1040 563).
662 957 832 1034 Nummos,
856 954 912 1035 qui
935 953 1009 1018 inde
1033 971 1053 1018 a
1069 950 1241 1017 Commodi
1256 955 1403 1031 tempore

186 1064 333 1129 libertati
349 1062 552 1129 Sebastenae
575 1062 763 1128 testimonio
780 1065 866 1142 sunt,
891 1060 1051 1143 praebent
1065 1059 1192 1124 Eokhel
1208 1056 1264 1144 (D.
1281 1058 1323 1122 N.
1340 1056 1403 1138 ΙΠ,

187 1167 304 1256 81782)
318 1174 351 1236 et
366 1171 515 1236 Mionnet
530 1169 575 1256 (d.
593 1171 623 1236 d.
640 1190 683 1235 m.
696 1170 759 1250 ΠΙ,
775 1190 806 1251 p.
824 1169 900 1248 660,
924 1188 956 1234 n.
973 1168 1037 1231 632
1054 1164 1156 1251 sqq.);
1181 1165 1222 1231 of.
1238 1163 1404 1230 Headium

186 1277 231 1363 (h.
256 1297 286 1344 n.
312 1297 343 1359 p.
368 1277 456 1357 610).

345 1420 375 1490 3.
411 1421 545 1487 Tarsus.

272 1535 378 1603 Paulo
407 1541 484 1618 post
510 1555 654 1619 pugnam
683 1536 724 1602 ad
751 1535 922 1618 Philippos
956 1535 1080 1600 saetam
1110 1534 1234 1601 Tarsus
1264 1534 1305 1599 ab
1333 1532 1404 1598 An·

184 1643 274 1709 tonio
302 1643 488 1710 libertatem
513 1648 546 1709 et
568 1643 808 1709 immunitatem
832 1643 961 1724 aooepit
984 1641 1086 1727 (App.
1110 1642 1141 1706 b.
1166 1660 1194 1707 e.
1218 1641 1259 1722 V,
1285 1638 1334 1725 7),
1364 1658 1404 1705 ea

79 1779 80 1782 ¹
185 1751 224 1816 de
249 1769 360 1831 eausa,
383 1755 420 1816 ut
447 1750 586 1830 videtur,
615 1751 692 1833 quia
719 1751 796 1815 urbs
825 1755 941 1816 eontra
968 1748 1120 1817 Cassium
1152 1751 1292 1814 steterat
1318 1745 1404 1832 (Cio.

184 1857 226 1923 ad
258 1859 334 1924 fam.
369 1857 449 1939 ΧΠ,
480 1858 531 1938 13,
560 1856 610 1943 4);
647 1858 711 1923 Dio
748 1856 1004 1941 Chrysostomus
1040 1855 1102 1942 (or.
1134 1857 1186 1936 34,
1215 1876 1246 1937 p.
1277 1855 1319 1918 36
1335 1852 1403 1938 n),

185 1964 240 2045 qui
263 1965 326 2030 hoe
349 1965 390 2030 ab
406 1965 560 2047 Augusto
584 1965 709 2031 factum
733 1984 806 2032 esse
829 1970 955 2046 narrat,
980 1968 1091 2030 tamen
1115 1963 1252 2029 eandem
1269 1979 1403 2027 oausam

184 2071 368 2154 significare
395 2072 526 2138 videtur
548 2091 647 2153 quam
675 2072 864 2154 Appianus3
896 2092 972 2138 nam
993 2080 1023 2138 τὸ
1045 2081 1077 2138 δι’
1101 2079 1203 2138 ἐκεῖνον
1225 2075 1354 2155 ἀτύχημα
1368 2077 1405 2154 τῇ

185 2184 263 2245 πόλει
283 2185 387 2265 συμβάν
411 2198 451 2245 ea
478 2179 652 2245 calamitas
681 2198 754 2244 esse
776 2179 921 2260 videtur,
950 2180 984 2244 in
1011 2197 1109 2260 qnam
1138 2177 1322 2242 insiderant
1345 2195 1404 2257 per

185 2283 337 2350 Cassium
361 2285 462 2371 (App.
491 2286 521 2351 b.
549 2284 753 2370 11.Ι7,64).
788 2285 1041 2352 Pseudolnoiani
1068 2284 1170 2350 verba
1194 2284 1308 2370 (Maon.
1334 2280 1402 2367 21),

183 2395 293 2457 utrum
323 2392 365 2458 ad
394 2411 488 2458 omne
512 2392 671 2458 tributum
696 2411 738 2458 an
762 2392 804 2458 ad
827 2397 956 2474 partem
980 2394 1084 2458 solam
1108 2392 1149 2457 ab
1173 2390 1327 2474 Augusto
1352 2409 1402 2454 re·

183 2498 319 2564 missam
342 2499 540 2580 pertineant,
564 2518 681 2580 parum
705 2504 846 2588 constat.

271 2606 452 2671 Libertatis
488 2611 591 2672 testes
626 2611 703 2672 sunt
736 2605 863 2672 Plinius
894 2605 939 2693 (n
976 2607 1007 2671 h.
1042 2607 1083 2687 V,
1120 2605 1177 2690 92)
1212 2609 1246 2670 et
1280 2604 1403 2669 nummi

184 2712 307 2798 (Esau,
331 2714 362 2779 h.
388 2732 419 2780 n.
443 2734 475 2796 p.
500 2713 564 2777 617
589 2733 616 2780 s.
640 2715 686 2796 f.).

270 2821 322 2886 De
339 2826 503 2886 oonventu
519 2821 686 2903 Tarsensi,
710 2821 766 2903 qui
780 2826 921 2887 vocatur
943 2828 1090 2908 ἐλεύθερον
1111 2827 1303 2906 κοινοβούλιον,
1327 2819 1401 2885 vide

175 2933 212 3008 p.
239 2927 290 2993 74.
1112 2923 1114 2926 ⁴

341 3056 372 3117 4.
409 3052 576 3136 Aegaeae.

269 3178 411 3244 Liberae
434 3183 596 3244 vocantur
611 3178 768 3262 Aegaeae
792 3178 936 3245 aPlinio
960 3180 1006 3265 (n.
1023 3181 1054 3246 h.
1072 3181 1112 3261 V,
1130 3179 1202 3266 91);
1227 3199 1287 3246 nee
1309 3178 1401 3245 Stra·

179 3282 275 3348 bonis
298 3285 400 3350 Verba
424 3286 529 3367 (XIV,
553 3285 585 3367 5,
609 3306 640 3367 p.
665 3286 761 3371 676):
797 3294 912 3371 Ἃίγαῖαι
942 3294 1080 3375 πολίχνιον
1112 3329 1148 3339 -
1178 3293 1222 3354 εἶτ’
1256 3295 1400 3371 Ἀμανίδες

180 3387 263 3448 πύλαι
283 3389 372 3456 -εἰς
393 3390 425 3456 ἃς
444 3395 558 3470 τελευτᾷ
579 3392 609 3450 τὸ
627 3390 749 3469 Ἀμανὸν
770 3391 843 3471 ὅρος,
865 3393 943 3472 ὃτῆς
962 3392 1084 3459 Κιλικίας
1105 3392 1259 3473 ὑπέρκειται
1279 3393 1349 3454 κατὰ
1371 3393 1402 3452 τὸ

180 3487 247 3566 πρὸς
273 3487 311 3547 ἕω
339 3489 434 3568 μέρος,
466 3490 508 3549 ἀεὶ
538 3491 587 3566 μὲν
614 3489 665 3549 ὑπὸ
690 3491 821 3551 πλειόνων
848 3492 1077 3569 δυναστευόμενον
1103 3490 1253 3571 τυράννων,
1281 3490 1402 3571 ἑχόντων

178 3585 313 3664 ἐρύματα·
335 3587 397 3647 καθ’
418 3588 492 3666 ἡμᾶς
512 3588 542 3647 δὲ
564 3588 683 3666 κατέστη
705 3588 798 3668 κύριος
817 3587 926 3649 πάντων
948 3590 1015 3668 ἀνὴρ
1046 3587 1185 3666 ἀξιόλογος
1201 3624 1236 3634 -
1252 3588 1402 3668 Ταρκονδί-

182 3692 272 3769 poro&
299 3687 348 3751 ita
369 3687 619 3768 interpretanda
642 3694 729 3770 sunt,
753 3695 791 3755 ut
813 3689 969 3773 Aegaeas
994 3709 1123 3771 quoque
1148 3689 1401 3755 Tarcondimoto

180 3792 345 3858 subiectas
379 3798 542 3874 putemus.
589 3794 681 3861 Aera
710 3815 777 3861 non
805 3815 934 3879 semper
961 3796 1125 3863 libertatis
1149 3797 1278 3862 initium
1302 3796 1402 3879 signi·

179 3897 273 3963 ficari
296 3904 385 3964 reete
408 3900 535 3965 monuit
556 3901 740 3968 Mommsen
764 3902 828 3990 (St.
853 3905 893 3969 R.
917 3904 980 3984 ΠΙ,
1006 3905 1080 3984 708,
1106 3922 1136 3969 a.
1163 3903 1207 3988 1).

339 4042 369 4107 5.
403 4042 544 4124 Mopsus
568 4063 627 4109 seu
649 4045 878 4127 Mopsuhestia

269 4167 426 4232 ‘liberum'
455 4167 554 4254 (Ptin.
579 4189 610 4234 n.
635 4170 666 4234 h.
690 4170 731 4249 V,
756 4169 824 4252 91).
870 4172 910 4236 In
938 4172 1204 4253 inscriptionibus
1229 4173 1293 4257 (Le
1315 4173 1400 4238 Bas·

179 4272 415 4355 Waddington‚
432 4294 506 4359 voy.
524 4277 614 4342 aruh.
630 4276 693 4357 ΙΠ,
713 4277 812 4359 1494,
837 4278 968 4360 Kaibel,
992 4279 1096 4345 Insor.
1115 4279 1173 4346 Gr.
1192 4278 1256 4345 Sio.
1276 4284 1309 4345 et
1323 4280 1400 4346 Ital.

182 4377 280 4464 1051)
306 4380 440 4462 legitur:
481 4382 638 4470 (Ἃδριανῆς
652 4389 855 4471 Μοψουεστίας)
871 4397 919 4472 τῆς
932 4395 1006 4473 ἱερᾶς
1020 4394 1066 4454 καὶ
1081 4394 1229 4473 ἐλευθέρας
1242 4396 1287 4456 καὶ
1301 4395 1401 4457 ἀσύλου
