3174 4860
676 229 897 294 „66-

255 423 256 426 ’
296 430 297 434 ’
338 417 367 483 1.
402 417 632 503 Phanagorea.
784 489 786 501 ,

267 522 326 590 On.
351 524 528 606 Pompeius
551 526 806 612 Phanagoream
831 532 864 597 et
888 551 909 598 a
931 533 1106 602 Pharnace
1134 541 1169 602 et
1196 555 1217 603 a
1240 538 1402 608 Romanis

179 649 265 696 anno
282 628 405 697 691163
421 632 558 699 liberam
575 654 648 701 csse
663 636 759 702 iussit
776 637 874 722 (App.
892 640 1004 707 Mithr.
1024 643 1113 727 113);
1132 645 1286 726 oppidum
1302 649 1402 729 paulo

177 741 254 818 post
277 755 298 802 a
320 737 494 804 Pharnace
522 740 628 806 denuo
656 749 878 826 expugnatum
906 765 986 814 esse
1020 750 1109 816 haud
1142 750 1404 833 improbabiliter

178 844 316 910 coniecit
337 845 528 928 Latyschev
552 848 584 932 (l.
608 850 629 914 l.
653 869 684 931 p.
707 850 866 937 XXXV).

338 971 368 1037 2.
404 973 570 1039 Η6116161
594 973 829 1042 Chersonesus.

267 1077 521 1146 Chersonesitae
544 1082 638 1147 liberi
654 1081 737 1167 (Pol.
755 1083 808 1165 25,
825 1083 938 1171 2,13),
962 1091 1000 1152 ut
1021 1088 1111 1170 ipsos
1136 1089 1324 1160 eberbaris
1341 1095 1402 1161 cir-

179 1187 435 1252 cumiacentibus
468 1189 670 1270 defenderet,
704 1190 901 1258 hlithradati
928 1193 1091 1276 Eupatori
1125 1217 1160 1264 se
1195 1200 1405 1270 tradiderrmt

178 1294 312 1376 eiusque
346 1296 589 1362 successoribus
618 1303 800 1379 paruerunt
823 1298 995 1367 Strabonis
1020 1308 1132 1371 aetate
1166 1304 1244 1390 (Str.
1268 1308 1349 1392 VH,
1373 1311 1403 1392 4,

177 1423 209 1485 p.
234 1399 393 1487 3031309)

266 1512 438 1579 Libertate
462 1530 483 1577 1
498 1513 657 1578 Romanis
681 1515 837 1580 donatam
854 1535 926 1582 csse
942 1515 1141 1586 Heracleam
1159 1518 1403 1590 Chersonesum

178 1621 281 1687 tradit
303 1620 432 1686 Plinius
457 1619 502 1705 (n.
519 1621 551 1686 h.
566 1621 625 1702 IV,
644 1621 712 1706 85);
741 1622 904 1689 libertatis
929 1629 1032 1691 testes
1056 1630 1134 1692 sunt
1157 1631 1191 1692 et
1214 1628 1244 1694 ei
1266 1633 1401 1714 nummi,

179 1731 234 1814 qui
257 1733 373 1796 extant
396 1728 483 1810 apud
505 1728 671 1794 Headium
695 1728 741 1814 (h.
758 1750 790 1795 n.
807 1750 838 1812 p.
856 1730 952 1816 238),
988 1732 1057 1799 sine
1080 1735 1146 1799 ullo
1170 1737 1329 1817 temporis
1353 1738 1400 1804 in·

178 1841 305 1926 dicio1),
330 1845 363 1906 et
383 1857 478 1918 unus,
503 1837 557 1918 qui
573 1841 726 1901 servatur
748 1837 781 1901 in
804 1857 916 1903 museo
940 1839 1133 1906 Britannico
1158 1841 1191 1926 (a
1214 1846 1279 1910 cat.
1305 1844 1343 1909 os
1354 1864 1401 1928 gr.

179 1949 269 2016 coins
285 1949 319 2014 in
335 1949 391 2014 the
406 1945 464 2011 Br.
480 1945 581 2010 Mus:
606 1944 676 2009 The
693 1944 813 2009 Tauric
830 1942 945 2011 Ohers.
962 1967 993 2028 p.
1011 1948 1042 2030 3,
1066 1967 1097 2013 n.
1116 1949 1181 2033 11),
1204 1949 1399 2034 inscriptus:

179 2054 338 2221 wigii
363 2151 584 2236 quaerendum
601 2154 661 2232 est,
686 2169 749 2233 quo
773 2154 921 2233 tempore
937 2150 1161 2220 Chersonesus
1184 2154 1327 2222 liberata
1349 2157 1402 2224 sit.

267 2261 380 2344 Atque
402 2260 538 2325 Boeckh
573 2277 684 2324 acram
709 2256 1023 2325 Chersonesitanam
1050 2263 1305 2343 computandam
1329 2281 1402 2331 esse

178 2371 305 2436 monuit
329 2388 369 2434 ex
392 2365 500 2434 verbis
524 2366 747 2448 inscriptionis
772 2365 1027 2453 (6111116111
1062 2377 1139 2441 ἔτους
1159 2379 1218 2454 pp,
1251 2377 1280 2436 ἐν
1307 2378 1402 2456 torp„

177 2483 263 2562 τιῶνι)
285 2487 317 2558 ιδ,
337 2478 497 2558 regnante
513 2475 653 2540 Zenone.
688 2473 866 2556 Imperium
889 2472 1025 2541 tenebat
1039 2475 1128 2541 Zeno
1151 2476 1226 2542 inde
1249 2478 1291 2544 ab
1315 2494 1402 2546 anno

178 2586 370 2666 4741166116
394 2583 436 2649 ad
460 2601 581 2648 annum
604 2581 684 2664 4913
712 2581 825 2664 itaque
847 2581 982 2648 indictio
1007 2587 1128 2663 quarta
1150 2584 1293 2668 decime,
1318 2602 1403 2669 quae

179 2697 252 2760 6111
276 2692 344 2758 eius
368 2690 461 2774 regni
484 2694 642 2772 tempore,
666 2693 739 2756 aut:

266 2799 341 2865 inde
370 2818 390 2864 a
413 2799 491 2864 Kal.
516 2796 607 2880 Sept.
637 2795 842 2879 Alb-prd.
866 2796 944 2862 Kal.
969 2795 1059 2878 Sept.
1084 2797 1149 2861 476
1174 2802 1246 2864 aut:
1282 2801 1404 2867 indeo

178 2909 256 2974 Kal.
281 2906 371 2989 Sept.
394 2906 461 2970 490
484 2942 527 2951 —
551 2905 582 2969 V
609 2905 658 2970 Id.
679 2902 794 2988 Apul)
817 2903 880 2966 491
906 2903 978 2969 fuit.
1013 2904 1108 2970 Intra
1130 2907 1190 2971 hos
1214 2906 1315 2989 igitur
1338 2912 1404 2975 ter·

177 3017 283 3082 minos
308 3013 478 3095 inscriptio
502 3012 612 3094 posita
636 3016 696 3077 est.

267 3123 371 3188 Recte
397 3122 460 3186 hoc
482 3120 618 3185 Boeckh
654 3117 776 3204 (olor.
800 3119 846 3200 H,
862 3138 894 3200 p.
911 3117 968 3204 90)
998 3119 1163 3201 exposuit3
1199 3138 1279 3188 aera
1302 3121 1406 3205 igitur

180 3229 459 3296 Chersonesitana
482 3231 541 3292 aut
564 3227 605 3292 ab
629 3245 715 3292 anno
741 3226 863 3292 718136
887 3229 946 3292 aut
969 3226 1010 3291 ab
1035 3243 1120 3292 anno
1139 3225 1259 3294 733121
1277 3229 1404 3311 incipit.

94 3325 97 3331 ’
266 3337 342 3401 Hac
366 3353 445 3401 aera
468 3334 630 3399 libertatis
654 3333 782 3398 initium
806 3332 983 3415 significari
1006 3334 1142 3400 Boeckh
1166 3333 1277 3420 (1.1),
1307 3355 1405 3418 quem

181 3444 287 3511 Cuntz
317 3442 364 3528 (1.
393 3443 415 3508 1.
440 3441 588 3507 61Ρ1111.
614 3439 646 3506 S.
674 3441 885 3523 11111106,
922 3459 952 3506 a.
976 3439 1012 3526 4)
1036 3443 1199 3524 sequitur,
1233 3442 1405 3526 iudicavit,

180 3552 270 3618 nisus
307 3555 423 3616 contra
451 3548 623 3615 Strabonis
658 3548 760 3614 verba
795 3546 885 3632 (VH,
906 3549 938 3629 4,
962 3567 993 3630 p.
1018 3546 1180 3635 3081309)
1214 3549 1405 3616 testimonio

180 3659 280 3724 Plinii
304 3657 349 3743 (n.
367 3659 398 3723 h.
415 3657 474 3738 IV,
492 3655 558 3741 85).
595 3657 647 3722 De
672 3675 735 3737 quo
759 3675 846 3721 nunc
869 3655 1032 3738 agendum
1056 3657 1129 3723 erit.

268 3765 360 3831 Dicit
384 3764 469 3830 enim
491 3764 633 3829 Plinius:
668 3764 843 3830 ‘Heraclea
867 3761 1093 3829 Chersonesus
1115 3763 1269 3830 libertate
1293 3764 1405 3830 1116-

179 3874 285 3939 manis
315 3872 493 3939 donatum'.
540 3871 653 3953 Atque
675 3873 758 3937 haec
782 3874 834 3936 est
857 3871 1032 3954 singularis
1057 3871 1184 3937 dicendi
1206 3869 1292 3936 ratio
1317 3872 1406 3952 apud

180 3981 338 4061 Plinium;
362 3999 468 4062 neque
492 3980 577 4046 enim
600 3998 745 4061 unquam
767 3979 822 4044 ille
845 3979 878 4044 in
896 3983 1053 4061 quattuor
1067 3978 1159 4043 libris
1174 3977 1405 4060 geographicis

252 4140 273 4204 ²)
293 4139 362 4194 duos
385 4154 524 4197 nummos.
551 4138 679 4196 Caesarie
704 4140 733 4194 et
750 4137 870 4209 Augusti
889 4137 982 4210 capita
1000 4137 1175 4208 praebentes,
1195 4151 1212 4190 a
1231 4133 1405 4192 Chersoneso

184 4228 354 4285 abiudicavit
372 4245 396 4283 v.
417 4227 505 4284 Scllet
524 4227 555 4296 (Z
584 4227 602 4285 1.
622 4228 705 4285 Num.
723 4228 745 4298 Ι,
764 4245 790 4299 p.
810 4230 843 4283 27
850 4251 857 4297 ;
877 4230 932 4295 31).

251 4319 273 4384 ’1
293 4317 328 4374 de
347 4317 392 4374 die
410 4319 509 4374 mortio
529 4318 649 4374 Zenonis
667 4318 743 4379 vide:
772 4317 895 4386 Gibbon,
915 4334 932 4373 e
949 4317 1017 4373 hist.
1036 4313 1066 4373 of
1081 4313 1130 4373 the
1148 4312 1257 4370 decline
1279 4311 1336 4367 end
1354 4311 1406 4370 fell

185 4406 215 4465 61
228 4407 337 4464 Roman
355 4407 461 4479 empire
481 4406 527 4478 111,
546 4425 573 4479 p.
592 4411 629 4479 2),
