3174 4860
688 272 909 338 -35-

280 468 425 643 ‘libeffirn
439 467 605 657 {5333
622 573 719 659 (Plin.
736 595 767 642 n.
782 576 814 645 h.
830 576 889 659 lv,
902 573 968 658 25).
999 575 1139 642 hiberas
1156 593 1228 642 esse
1245 575 1406 658 Thespias

189 683 354 752 Hadriani
381 681 589 764 imperatoris
620 682 820 765 temporibus
852 683 959 750 elucet
992 700 1032 748 55
1066 681 1161 748 111515
1195 679 1294 765 (CIL.
1310 681 1405 765 vm,
1471 679 1473 688 ’

192 790 291 873 7059;
315 790 355 858 51.
378 810 410 872 5.
434 787 488 871 35,
512 807 544 855 5.
570 787 634 873 13).

348 915 400 983 13.
434 913 607 983 Plataeae.

275 1022 379 1088 Recte
393 1021 577 1087 Mommsen
598 1018 659 1108 (81.
676 1021 716 1087 R.
732 1020 793 1102 11³,
817 1041 848 1103 p.
866 1019 941 1102 857,
958 1039 988 1087 5.
1006 1018 1038 1106 2)
1055 1020 1182 1087 monuit
1197 1036 1270 1087 eum
1286 1022 1404 1105 virum,

187 1131 243 1212 qui
273 1127 372 1214 (CIL.
396 1126 492 1210 VHI,
514 1126 612 1211 7059)
636 1127 769 1195 dicitur:
805 1128 944 1212 ‘legatus
968 1127 1035 1194 divi
1060 1127 1225 1195 Hadriani
1251 1129 1404 1211 Athenis,

186 1236 349 1319 Thespiis,
372 1233 532 1317 Plataeis
555 1234 634 1301 item
657 1235 691 1300 in
708 1235 902 1317 Thessalia,
925 1235 1061 1301 missum
1077 1253 1150 1301 esse
1173 1235 1216 1302 56
1239 1236 1403 1320 corrigen-

184 1347 263 1414 dum
297 1349 424 1413 statum
458 1344 641 1411 civitatium
676 1344 861 1411 liberamm.
907 1344 1026 1427 Itaque
1059 1343 1223 1411 Hadriani
1258 1347 1404 1425 tempore

183 1455 308 1522 liberae
331 1456 429 1520 erant
449 1450 621 1519 Plataeae.

347 1579 398 1645 14.
434 1577 590 1662 Tanagra

275 1685 367 1754 ‘liber
389 1684 539 1768 populus’
564 1684 661 1770 (Plin.
686 1703 717 1751 5.
741 1684 774 1751 5.
797 1684 858 1767 IV,
881 1682 947 1768 26).

346 1810 397 1877 15.
432 1810 597 1877 Athenae.

274 1918 422 1986 Foedere
438 1936 511 1984 cum
528 1916 686 1984 Romanis
703 1916 897 1983 coniunctae
912 1916 1065 1983 dicuntur
1078 1915 1234 1984 Athenae
1250 1935 1271 1985 a
1286 1918 1402 1984 Tacito

185 2026 273 2110 (555.
308 2025 354 2106 Π,
389 2023 456 2108 53).
518 2021 726 2107 Quamquam
765 2022 859 2088 annis
898 2017 1022 2089 666l88
1062 2041 1133 2105 sqq.
1171 2023 1402 2105 Mithradatis,

183 2133 268 2200 bello
300 2132 387 2199 civili
414 2130 553 2213 Pompei
589 2134 702 2213 partes
730 2130 834 2196 secuti
867 2133 977 2210 erant,
1009 2148 1116 2212 neque
1148 2149 1169 2196 a
1197 2129 1288 2197 Sulla
1316 2130 1402 2214 (niv.

183 2260 233 2323 ep.
251 2239 309 2321 81;
334 2237 399 2305 Str.
420 2237 483 2321 IX,
505 2238 535 2319 1,
559 2257 591 2320 p.
613 2236 690 2321 398)
713 2254 819 2319 neque
842 2255 864 2302 a
887 2234 1032 2303 Caesare
1053 2235 1153 2321 (App.
1178 2236 1208 2304 b.
1230 2256 1258 2305 c.
1281 2238 1327 2319 H,
1347 2238 1402 2323 88)

181 2347 336 2413 libertate
371 2344 522 2428 privatae
559 2350 646 2432 sunt.
703 2344 843 2411 Liberas
885 2362 942 2410 555
978 2349 1100 2409 vocant
1136 2342 1263 2411 Plinius
1297 2345 1403 2412 maior

182 2450 276 2538 (5.5.
296 2452 356 2534 IV,
372 2451 439 2537 24),
463 2450 583 2518 Strabo
608 2450 704 2536 (1.1),
727 2450 854 2517 Plinius
878 2450 985 2516 minor
1008 2451 1070 2536 (55.
1087 2447 1181 2533 VHI,
1198 2451 1252 2534 24,
1267 2452 1312 2537 4),
1334 2454 1401 2520 Dio

182 2557 440 2644 chrysostomus
461 2558 520 2643 (or.
539 2558 592 2640 31,
616 2578 648 2641 p.
665 2557 728 2622 621
742 2556 807 2642 R).
842 2556 1007 2624 Hadriani
1029 2558 1230 2640 temporibus
1247 2558 1399 2628 Athenas

182 2667 304 2734 liberas
339 2665 440 2733 fuisse
476 2665 572 2731 65551
606 2664 721 2731 1115155
756 2662 854 2749 (ΘΗΛ.
878 2664 973 2747 VIII,
999 2662 1099 2746 7059;
1129 2683 1160 2732 v.
1177 2686 1209 2747 p.
1226 2665 1269 2732 35
1284 2686 1316 2734 n.
1334 2669 1398 2753 13).

342 2799 393 2866 16.
428 2799 568 2882 Aegina.

269 2905 411 2991 Aegina,
427 2905 505 2973 all.
522 2905 668 2972 Antonio
685 2904 943 2972 Atheniensibus
958 2905 1083 2973 donata
1098 2905 1200 2993 (App.
1214 2906 1244 2975 b.
1258 2925 1285 2974 o.
1298 2907 1339 2992 V,
1354 2909 1399 2996 7),

182 3008 413 3080 5555733121
452 3013 499 3079 515
534 3013 689 3095 adempta
723 3016 774 3079 est
808 3012 850 3079 ab
878 3011 1032 3096 Augusto
1068 3011 1125 3098 (D.
1151 3011 1245 3081 Oass.
1269 3013 1323 3098 54,
1349 3015 1398 3103 7);

181 3118 315 3187 ‘liberae
337 3119 547 3186 condicionis'
570 3124 710 3186 vocatur
733 3138 754 3186 a
777 3119 886 3185 Plinio
910 3118 957 3204 (n.
977 3120 1009 3185 5.
1029 3113 1089 3203 IV,
1110 3118 1179 3206 57).
1218 3120 1400 3190 Praeterea

179 3227 226 3294 nil
249 3227 369 3294 scimus
393 3227 433 3293 65
455 3227 609 3293 libertate
632 3224 796 3311 Aeginae,
832 3244 909 3292 nam
933 3225 1089 3310 quidquid
1109 3227 1158 3293 Le
1173 3228 1244 3295 Bas
1267 3226 1397 3316 (explic.

179 3333 276 3402 d’une
299 3334 397 3401 inser.
421 3351 563 3418 grccque
586 3332 626 3400 de
649 3333 715 3400 l'ile
739 3315 887 3416 61115155,
911 3354 941 3415 p.
969 3333 1033 3397 145
1056 3332 1143 3419 sqq.)
1168 3334 1280 3418 affert,
1303 3336 1399 3418 plane

178 3440 428 3524 improbandum
452 3445 513 3508 551.

339 3575 391 3640 17.
427 3573 557 3658 Sicyon.

266 3681 319 3748 115
344 3681 513 3749 Ciceronis
535 3681 645 3749 verbis
669 3681 727 3768 (ad
750 3681 824 3749 Att.
847 3682 875 3765 I,
901 3682 952 3765 19,
976 3681 1013 3769 9)
1040 3683 1123 3749 satis
1148 3683 1323 3750 dilucidum
1347 3691 1399 3752 est

180 3804 252 3856 eam
268 3788 398 3872 partem
414 3788 702 3871 senatusconsulti,
725 3806 810 3871 quae
827 3795 879 3855 est
894 3790 934 3856 de
951 3789 1140 3857 civitatibus
1153 3790 1275 3872 liberis,
1292 3789 1399 3858 Attici

180 3897 332 3980 ‘negotio'
356 3895 588 3979 impedimento
614 3914 701 3978 esse,
725 3896 811 3978 quod
835 3897 1023 3980 ‘negotium’
1052 3898 1149 3978 quale
1172 3898 1230 3980 sit,
1259 3898 1399 3965 efficitur

180 4024 220 4071 55
235 4004 359 4071 ultimis
374 4003 497 4071 verbis:
523 4003 584 4070 ‘Tu
600 4002 629 4068 si
644 4003 710 4069 tuis
725 4003 892 4069 blanditiis
908 4007 1019 4070 tamen
1036 4022 1057 4070 a
1073 4002 1234 4088 Sicyoniis
1249 4024 1397 4072 nummu·

177 4113 286 4178 lorum
309 4111 431 4194 aliquid
455 4109 682 4192 expresseris,
710 4110 866 4192 pecunias
891 4110 1134 4177 enimAtticus
1159 4111 1319 4196 Sicyoniis
1343 4113 1397 4179 65-

179 4218 269 4285 61555
295 4218 435 4285 videtur.
481 4217 615 4284 Vetitus
649 4221 760 4283 antem
794 4221 868 4283 erat
902 4219 1085 4284 nummulos
1113 4237 1134 4284 a
1158 4216 1319 4303 Sicyoniis
1342 4239 1397 4284 55-

180 4325 321 4409 primore
348 4326 411 4391 hoc
438 4326 739 4406 senatusconsulto,
768 4324 808 4390 de
843 4344 906 4407 quo
937 4329 1038 4391 55155
1063 4325 1244 4406 scripserat
1271 4322 1396 4391 Cicero.

180 4431 286 4514 Atqui
321 4431 350 4498 ei
378 4431 572 4513 displicebat
599 4432 682 4498 haec
709 4443 802 4514 pars,
836 4443 921 4514 quae
950 4435 1023 4498 erat
1049 4431 1090 4498 65
1117 4431 1245 4514 555555
1272 4430 1396 4514 liberis3

1205 4535 1238 4592 3„
