3174 4860
786 233 1005 298 ..18-

288 435 404 496 contra
426 428 576 496 Htlbneii
599 426 819 494 dubitationes
836 426 989 511 (Hermes
1004 426 1032 506 Ι,
1048 445 1080 507 p.
1100 426 1163 492 104
1180 453 1220 484 =
1237 427 1332 492 Rom.
1348 422 1506 492 Herrsch.

277 537 320 608 in
335 536 526 604 West-Eur.
542 555 574 617 p.
593 533 669 618 190)
694 533 840 600 Tarraco
862 533 949 599 inter
972 532 1124 599 civitates
1147 533 1335 600 foederatas
1357 528 1509 614 ponenda

286 642 431 724 videtur,
466 660 664 724 quamquam
699 640 821 724 ambigi
854 640 946 721 licet,
981 658 1059 705 num
1093 639 1160 706 iam
1183 659 1222 706 eo
1246 644 1409 720 tempore,
1444 655 1507 718 quo

285 750 468 816 Mommsen
492 749 544 834 (R.
570 747 612 815 G.
635 746 678 829 1⁸,
701 768 733 830 p.
758 746 835 831 683)
858 748 940 828 vult,
964 738 1078 812 foedus
1101 746 1218 813 initum
1240 747 1294 813 sit.

377 854 515 922 Colonia
547 855 639 922 facta
673 860 725 921 est
748 854 893 921 Tarraco
922 858 982 920 aut
1008 872 1030 919 a
1053 851 1090 920 Ο.
1116 852 1261 920 Caesare
1288 858 1348 919 eut
1375 871 1415 918 ex
1439 852 1509 917 eius

287 963 371 1029 actis
395 982 417 1028 a
439 961 619 1029 triumviris
643 967 701 1028 aut
716 980 738 1028 a
754 959 791 1027 0.
810 959 994 1027 Octaviano
1012 960 1102 1045 (ante
1119 979 1240 1027 annum
1257 956 1407 1044 127121),
1431 976 1508 1023 nam

287 1073 427 1136 vocatur
455 1068 553 1154 (cm.
587 1069 633 1149 H,
668 1068 770 1149 4214,
809 1067 912 1148 4071;
946 1067 1034 1130 4536
1069 1066 1168 1150 sqq.):
1205 1064 1367 1151 Ool(onia)
1400 1064 1510 1149 I(uli)

286 1176 439 1260 V(ictrix)
453 1174 698 1260 uriumphalis)
712 1174 898 1259 Marraeo),
915 1172 955 1241 de
968 1173 1168 1256 explicandis
1180 1173 1282 1257 signis
1296 1172 1333 1240 0.
1343 1172 1507 1240 I.V.T.'P.

286 1282 361 1349 vide
385 1301 435 1364 ea,
459 1301 544 1364 quae
567 1281 723 1364 explicuit
737 1281 876 1348 Hiibner
891 1281 1044 1366 (Hermes
1059 1281 1088 1362 Ι,
1110 1301 1142 1363 p.
1160 1280 1329 1364 97-1003
1353 1279 1508 1362 repetivit
1581 1297 1583 1301 ’

286 1390 372 1457 idem
395 1390 435 1456 R.
460 1391 503 1455 H.
527 1388 549 1454 i.
569 1388 622 1455 W.
639 1388 718 1455 Eur.
735 1407 767 1473 p.
787 1387 984 1471 186-189).
1020 1387 1163 1468 Tempus
1186 1387 1338 1454 conditae
1361 1385 1508 1453 coloniae

286 1496 425 1562 Hllbner
447 1495 601 1579 (Hermes
623 1496 652 1577 Ι,
675 1515 706 1578 p.
733 1495 796 1559 100
820 1513 890 1577 sqq.
909 1522 950 1551 =
963 1495 1003 1561 R.
1020 1494 1064 1560 H.
1088 1494 1110 1560 i.
1125 1495 1179 1561 W.
1195 1494 1275 1561 Mur.
1291 1515 1323 1577 p.
1343 1495 1405 1559 188
1422 1492 1506 1577 sqq.)

287 1603 421 1670 delinire
454 1606 593 1669 conatus
621 1608 690 1684 est3
725 1601 783 1668 sed
806 1600 1024 1668 obversantur
1046 1602 1255 1691 cognomina:
1290 1600 1440 1667 ‘Victrix’
1475 1604 1509 1666 et

288 1709 545 1795 ‘Triumphalis',
580 1729 622 1775 ne
645 1727 699 1791 ea,
723 1727 808 1790 quae
831 1708 885 1773 ille
908 1707 1078 1789 conclusit,
1102 1706 1185 1774 satis
1209 1712 1302 1776 certa
1322 1706 1507 1774 videantur.

291 1817 429 1885 Colonia
450 1820 591 1883 vocatur
613 1834 635 1882 a
656 1815 765 1882 Plinio
789 1816 833 1899 (n.
857 1816 889 1882 h.
913 1815 977 1897 ΠΙ,
1001 1815 1067 1900 21),
1090 1814 1174 1882 aliis

448 1944 478 2008 5.
519 1940 696 2025 Parrace¹l

379 2049 577 2116 ‘foederatos
600 2047 833 2117 Tarracenses'
858 2046 955 2131 (Plin.
979 2066 1010 2113 n.
1035 2047 1066 2113 hss
1091 2047 1154 2150 ΠΙ,
1171 2046 1236 2131 24).

631 2345 633 2350 ,
834 2239 959 2310 Gellia

676 2367 1111 2436 GmMNmmMmm

379 2496 509 2564 Galliae
533 2514 573 2562 ea
595 2513 684 2577 pars,
709 2513 793 2577 quae
816 2495 1041 2560 Narbonensis
1064 2498 1182 2576 postea
1204 2493 1294 2561 dicta
1316 2498 1378 2576 est,
1402 2513 1424 2560 a
1445 2495 1511 2560 Ro·

288 2604 394 2670 manis
418 2622 483 2669 non
505 2603 555 2669 ita
576 2603 679 2668 multo
703 2606 779 2684 post
802 2619 922 2668 annum
946 2598 1090 2668 633l121
1115 2601 1149 2666 in
1169 2600 1358 2683 provinciae
1373 2601 1511 2667 sormam

289 2712 426 2778 redacta
449 2714 501 2776 est
524 2709 730 2793 (Mommsen,
753 2709 793 2775 R.
819 2707 860 2775 (1.
884 2708 945 2790 ΠΒ,
968 2728 1000 2790 p.
1027 2707 1113 2792 163).

372 2815 542 2898 Civitates
565 2814 755 2882 foederatae
778 2820 856 2881 sunt
877 2815 955 2881 hae:

451 2941 481 3004 1.
514 2938 673 3007 Massilia.

378 3048 529 3115 Massilia
552 3066 625 3114 cum
648 3047 808 3114 Romanis
830 3046 961 3113 loedere
984 3047 1160 3113 coniuncta
1182 3051 1255 3113 erat
1271 3046 1352 3132 (Cic.
1369 3069 1400 3130 p.
1417 3049 1513 3116 Balb.

291 3156 348 3238 233
365 3154 436 3238 50);
460 3155 547 3237 quod
563 3173 627 3236 quo
642 3158 790 3237 tempore
805 3153 929 3219 sactum
945 3152 1000 3236 sit,
1017 3153 1194 3235 nescimus;
1210 3172 1287 3220 nam
1303 3154 1436 3222 dubium
1452 3160 1513 3233 est,

291 3282 368 3330 num
390 3262 518 3329 Iustino
553 3261 619 3347 (43,
635 3260 667 3342 5,
686 3259 739 3345 10)
773 3260 855 3327 fides
878 3260 1030 3327 habenda
1053 3260 1097 3327 sit
1120 3258 1173 3345 (Ο.
1196 3260 1402 3342 Hirschfeld,
1435 3260 1511 3343 gall.

292 3368 384 3436 Stud.
407 3368 436 3450 Ι,
459 3388 490 3450 p.
516 3368 547 3449 7,
571 3386 601 3433 a.
628 3365 674 3451 1),
710 3367 765 3449 qui
787 3367 972 3448 Romanos,
1001 3386 1066 3448 quo
1089 3371 1237 3450 tempore
1261 3366 1351 3435 Galli
1372 3368 1511 3433 Romam

292 3479 462 3558 ceperant,
496 3493 570 3540 cum
592 3472 853 3540 Massiliensibus
882 3491 1022 3554 aequum
1045 3474 1160 3540 foedus
1182 3473 1281 3540 icisse
1302 3476 1426 3540 narrat.
1474 3470 1512 3539 Ο.

293 3582 419 3650 Caesar
432 3580 704 3661 Massiliensibus
729 3599 802 3646 cum
820 3578 880 3646 On.
896 3579 1035 3661 Pompei
1057 3586 1171 3662 partes
1194 3581 1300 3648 secuti
1315 3579 1436 3646 acriter
1452 3580 1514 3647 sibi

292 3689 507 3769 restitissent,
536 3706 664 3754 omnem
687 3687 756 3753 fere
779 3691 902 3753 terram
926 3686 1059 3770 ademit,
1082 3687 1270 3756 libertatem
1292 3687 1425 3772 reliquit
1459 3689 1513 3773 (D.

293 3794 387 3862 Cass.
411 3796 466 3876 41,
490 3793 547 3876 253
572 3793 637 3879 61.)

379 3901 562 3968 Libertatis
605 3920 716 3968 eorum
759 3902 981 3969 condicionem
1020 3902 1176 3970 describit
1213 3902 1334 3970 Strabo
1373 3903 1448 3986 (IV,
1486 3904 1515 3983 1,

292 4031 325 4093 p.
351 4007 523 4092 180l181);
558 4008 746 4075 foederatos
771 4028 827 4076 eos
850 4013 951 4076 vocat
972 4008 1099 4075 Plinius
1124 4009 1167 4093 (n.
1191 4010 1223 4075 h.
1246 4010 1311 4092 ΠΙ,
1334 4008 1404 4093 34);
1434 4008 1516 4075 Cor·

292 4115 397 4182 nelius
426 4114 532 4196 Sulla,
568 4133 642 4181 cum
675 4116 771 4198 quasi
805 4115 908 4182 exulis
935 4117 1007 4183 loco
1035 4115 1226 4198 haberetur,
1260 4115 1515 4182 Massiliensium

292 4223 462 4289 moenibus
486 4222 630 4287 coerceri
654 4241 739 4289 anno
763 4222 806 4287 58
829 4223 938 4290 iussus
963 4227 1014 4288 est
1035 4221 1126 4306 (Tac.
1151 4239 1226 4288 ann.
1254 4222 1306 4303 13,
1321 4219 1388 4304 47).

366 4399 384 4464 ι)
404 4396 541 4468 Tarraga:
561 4395 632 4452 Ptol.
651 4395 688 4467 Il,
707 4399 732 4467 6,
751 4399 793 4453 66.
