3174 4860
786 181 1007 244 ..24-

290 390 373 453 quae
398 392 437 439 ex
460 359 564 438 tribus
588 372 650 437 illis
667 372 844 454 propositis
860 373 1001 439 maxime
1023 373 1103 438 mihi
1118 372 1287 455 probatur,
1311 372 1507 454 sequendam

289 479 410 559 censui,
434 496 632 561 quamquam
655 497 696 545 ne
718 479 782 545 hac
797 478 927 560 quidem
951 498 1062 545 omnes
1079 479 1272 548 offensiones
1288 483 1507 546 removentur.

377 586 432 652 Ita
454 585 540 652 enim
562 585 685 652 iudicat
709 583 831 652 Ountz:
1254 635 1255 638 ,

377 690 544 759 Ciceronis
567 692 669 759 verba
693 690 775 778 (Cic.
799 692 851 759 ad.
876 692 950 758 Att.
972 693 1067 775 XIV,
1093 693 1145 774 12,
1171 693 1218 777 1),
1254 711 1338 777 quae
1367 697 1445 759 sunt
1467 691 1507 758 de

286 799 472 866 Latinitate
495 798 612 866 Siculis
636 819 657 867 5
681 797 826 866 Caesare
850 799 944 881 data,
972 819 1037 866 non
1061 800 1102 867 ad
1132 818 1243 867 omnes
1267 798 1393 866 Siculos
1416 799 1508 865 Latii

285 907 355 993 iure
378 906 518 973 donatos
527 905 551 990 ¹)
575 910 742 989 spectant3
767 907 825 974 sed
841 925 881 974 ea
896 907 978 990 lege,
1002 925 1101 989 quam
1115 907 1161 973 M.
1177 906 1344 973 Antonius
1363 907 1507 989 promul·

285 1013 378 1097 gavit
407 1032 447 1079 511
475 1013 559 1080 actis
584 1011 738 1080 Caesaris
763 1012 844 1099 (Oia.
868 1014 958 1098 ll),
982 1013 1130 1081 omnibus
1154 1013 1272 1082 Siculis
1300 1013 1418 1082 civitas
1440 1013 1507 1079 Ro-

284 1139 384 1188 mana
407 1120 486 1187 data
509 1125 570 1188 est.
615 1121 672 1189 Ad
695 1121 832 1189 eandem
854 1143 924 1190 rem
947 1123 1119 1191 reserenda
1142 1127 1220 1190 sunt
1242 1122 1344 1190 verba
1367 1122 1507 1189 Diodori

287 1227 395 1313 (XIII,
420 1227 474 1309 35,
498 1225 570 1309 213;
595 1228 636 1295 os.
660 1229 753 1311 XVl,
779 1229 830 1310 70,
856 1228 904 1313 6),
929 1228 985 1312 qui
1007 1229 1087 1297 dicit
1109 1231 1149 1298 de
1172 1230 1299 1308 Dioclis
1323 1229 1449 1312 legibus
1472 1228 1507 1294 in

288 1333 419 1402 Siciliae
455 1335 581 1418 oppidis
609 1354 674 1401 non
701 1339 780 1402 ante
803 1335 973 1403 civitatem
997 1336 1145 1404 omnibus
1169 1336 1287 1404 Siculis
1313 1337 1426 1404 datam
1449 1336 1507 1402 ab·

285 1442 382 1508 olitis.
421 1442 504 1523 Iam,
528 1461 602 1509 oum
616 1442 745 1509 Antoni
760 1443 849 1527 leges
865 1443 1026 1511 rescissae
1050 1448 1161 1511 essent
1175 1442 1257 1530 (Sic.
1273 1443 1359 1510 Phil.
1379 1444 1430 1525 12,
1450 1443 1506 1525 123

286 1549 337 1629 13,
362 1549 409 1633 5),
446 1547 573 1616 Caesar
605 1550 691 1617 filius
725 1555 801 1633 post
835 1551 1019 1618 confectum
1053 1552 1173 1618 bellum
1201 1550 1346 1618 Siculum
1381 1555 1506 1617 statum

283 1655 414 1723 Siciliae
437 1674 554 1738 parum
576 1657 646 1723 iure
662 1657 831 1724 defensum
845 1657 998 1741 mutavit,
1022 1658 1217 1741 praesertim
1241 1677 1315 1725 cum
1330 1658 1506 1741 pleraeque

282 1762 413 1830 Siciliae
448 1763 601 1830 civitates
637 1783 676 1830 eo
703 1764 787 1830 bello
815 1762 890 1831 Sex.
915 1764 1053 1848 Pompei
1080 1769 1192 1848 partes
1221 1769 1355 1832 secutae
1383 1770 1505 1834 essent.

281 1872 357 1938 Hoc
390 1872 485 1939 modo
519 1871 693 1954 pristinum
727 1875 868 1955 statum,
904 1872 960 1955 qui
998 1873 1060 1939 fuit
1094 1878 1173 1941 ante
1207 1872 1347 1939 Antonii
1382 1873 1504 1956 legem,

282 1978 472 2046 restitutum
495 1998 568 2046 esse
591 1978 680 2047 hand
702 1979 926 2062 improbabilis
950 1986 1001 2047 est
1024 1982 1199 2049 sententia.
1380 1990 1384 1998 '

372 2084 465 2169 Quod
490 2087 519 2152 si
542 2087 591 2153 ita
614 2107 649 2153 se
672 2087 787 2170 habet,
816 2106 881 2152 non
905 2093 970 2170 est,
1000 2107 1058 2156 our
1081 2108 1155 2155 cum
1177 2090 1380 2157 Mommseno
1404 2087 1504 2175 (OIL.

280 2193 324 2272 X,
348 2193 369 2259 l.
393 2192 427 2278 1.)
450 2193 485 2259 in
507 2195 571 2260 hac
593 2198 689 2277 parte
712 2193 820 2259 Plinio
843 2194 941 2261 fldem
963 2195 1186 2264 detrahamus.

368 2301 441 2367 Iam
464 2300 507 2368 ad
530 2300 676 2384 singulas
700 2301 853 2368 civitates
877 2301 998 2370 liberas
1022 2303 1232 2371 accedamus:

441 2446 469 2508 l.
505 2445 671 2511 Messana.

368 2560 537 2642 Messana,
573 2561 743 2628 foederata
778 2562 896 2629 civitas
932 2562 1351 2648 (Oic.Verr.II,3,13;
1388 2566 1419 2645 4,
1444 2563 1503 2647 26;

279 2687 310 2750 p.
326 2666 433 2733 Balbo
449 2666 516 2752 51),
539 2667 685 2752 Augusti
708 2672 856 2751 tempore
877 2669 1031 2753 oppidum
1047 2670 1167 2738 civium
1182 2671 1406 2738 Romanorum
1430 2677 1504 2738 erat

279 2772 378 2859 (Plin.
401 2793 433 2841 n.
457 2775 489 2840 h.
513 2775 577 2857 IH,
602 2776 667 2860 88).

438 2918 468 2984 2.
504 2918 767 2986 Tauromenium.

368 3034 632 3114 Tauromenium,
649 3035 767 3104 civitas
783 3035 954 3104 foederata
971 3037 1053 3123 (Cic.
1071 3037 1165 3104 Verr.
1179 3039 1225 3120 Π,
1242 3037 1273 3121 2,
1291 3038 1369 3120 160;
1387 3039 1418 3121 3,
1437 3039 1502 3124 13),

278 3141 407 3208 colonia
429 3142 520 3209 facta
543 3147 595 3208 est
618 3143 715 3229 (Plin.
740 3162 772 3210 n.
795 3144 828 3210 h.
852 3144 916 3226 HI,
941 3144 995 3229 88)
1025 3149 1084 3211 aut
1110 3162 1197 3212 anno
1223 3142 1346 3213 718136
1370 3143 1502 3231 (Ountz,

278 3247 326 3315 l.l.
338 3269 370 3331 p.
384 3248 439 3334 35)
453 3253 511 3317 aut
523 3268 609 3317 anno
623 3249 743 3317 733121
753 3250 957 3336 (Mommsen,
971 3251 1212 3319 RomForsoh.
1222 3251 1268 3335 Π,
1279 3272 1311 3336 p.
1323 3251 1400 3336 549,
1413 3271 1444 3320 5.
1459 3253 1502 3337 1).

436 3392 467 3459 3.
502 3394 676 3463 Neaetum.

364 3508 538 3590 Neaetum,
562 3509 681 3577 civitas
704 3510 874 3577 foederata
898 3508 979 3596 (Cic.
1003 3512 1098 3579 Verr.
1122 3512 1173 3594 Π,
1196 3510 1232 3595 5,
1256 3512 1313 3597 56;
1350 3513 1387 3595 5,
1413 3514 1501 3599 133),

276 3613 422 3698 Augusti
445 3620 557 3683 aetate
579 3616 701 3683 Latino
724 3617 795 3685 iure
818 3617 975 3685 utebatur
1000 3618 1099 3704 (Plin.
1122 3639 1154 3688 n.
1178 3620 1210 3687 h.
1234 3620 1298 3702 IH,
1322 3619 1388 3704 91).

435 3760 467 3823 4.
514 3758 724 3842 Centuripae.

353 3871 578 3958 Centuripae,
614 3875 732 3942 civitas
767 3876 870 3944 libera
908 3882 942 3944 et
975 3878 1127 3947 immunis
1164 3876 1246 3965 (Cic.
1270 3878 1364 3973 Verr.
1388 3879 1438 3961 II,
1468 3879 1500 3962 2,

278 3983 355 4064 166;
384 3982 510 4067 3,13),
544 3982 659 4049 Latini
691 3983 771 4050 iuris
800 3985 954 4067 oppidum
982 3991 1056 4053 erat
1082 3985 1228 4071 Augusti
1258 3990 1371 4053 aetate
1400 3984 1499 4072 (Plin.

275 4090 540 4173 nnmfflt

348 4357 368 4426 ι)
387 4356 456 4413 hooc
474 4355 548 4412 enim
568 4357 611 4412 est
628 4355 951 4416 Mommseni'sentcntia
968 4358 1012 4430 (R.
1030 4358 1065 4418 G.
1083 4359 1147 4432 111⁸,
1165 4377 1192 4432 p.
1212 4361 1285 4432 507).
1405 4321 1406 4324 ¹
