3174 4860
676 207 896 272 ...28-

180 397 209 463 si
223 397 452 464 Ptolemaeum
476 395 557 481 (1.1.)
581 397 621 464 (16
636 396 766 482 Byllide
789 399 870 464 urbe
893 398 976 464 satis
1000 400 1090 477 nota,
1116 413 1201 477 quae
1224 397 1303 459 tunc
1326 394 1401 458 erat

178 503 308 571 colonia
328 503 539 586 Bullidensis‚
567 505 669 571 verba
692 506 801 572 facere
825 503 1029 587 putabimus,
1052 502 1086 569 id
1109 500 1197 584 quod
1220 517 1315 566 nemo
1338 498 1399 565 im·

178 610 341 694 probabit,
365 629 430 676 non
454 610 527 691 erit,
552 629 610 678 our
632 617 768 694 propter
782 611 967 678 Ptolemaei
989 609 1092 677 verba
1116 609 1256 675 alteram
1272 605 1400 672 Aman-

178 719 261 785 tiam
283 718 380 800 plane
395 717 544 801 ignotam
560 722 758 785 statuamus.
792 719 897 784 Immo
914 737 992 784 vero
1008 717 1147 798 Plinius
1172 735 1246 782 cum
1261 731 1400 798 geogra-

179 826 311 908 phicum
346 825 492 891 ordinem
526 815 827 907 11611666116161111,
862 829 1020 908 utrasque
1047 825 1145 891 urbes
1173 823 1307 889 meliore
1329 820 1401 886 iure

178 937 326 1014 utentes,
351 936 384 998 et
407 931 553 998 colonias
577 936 611 997 et
634 932 787 999 civitates
811 932 931 998 liberas
955 931 1100 998 eiusdem
1124 933 1305 997 conventus
1328 928 1401 994 Ma·

180 1039 336 1122 oodonici,
359 1039 423 1105 hoc
444 1038 517 1105 loco
532 1038 710 1105 immiscuit
717 1038 753 1123 1).
787 1039 1002 1106 Macedoniae
1018 1043 1130 1105 autem
1144 1038 1259 1104 urbem
1274 1035 1401 1103 Aman-

180 1147 262 1214 tiam
285 1165 358 1214 esse
382 1146 479 1214 docet
501 1145 677 1228 descriptio
700 1145 813 1212 finium
835 1144 1051 1212 Macedoniae
1073 1144 1278 1228 provinciae,
1302 1161 1402 1227 quam

180 1257 365 1322 Mommsen
389 1254 441 1340 (R.
466 1252 509 1320 O.
533 1253 589 1336 V³,
613 1274 644 1336 p.
670 1253 746 1337 274)
770 1255 917 1338 praebet.
1251 1343 1253 1346 Ι

268 1359 445 1446 Augustil)
461 1361 562 1444 igitur
577 1365 689 1427 aetate
700 1360 861 1428 Amantia
877 1361 994 1428 civitas
1011 1360 1114 1426 libera
1126 1363 1199 1426 6161
1212 1359 1309 1444 (Plin.
1321 1358 1343 1423 l.
1355 1358 1402 1442 1.).

338 1490 370 1551 4.
406 1486 583 1555 Taulantii.

268 1595 410 1663 Romani
425 1598 558 1677 praeter
572 1595 768 1677 libertatem,
785 1614 884 1677 quam
897 1595 1045 1662 omnibus
1056 1594 1178 1678 Dlyn‘is
1191 1593 1312 1661 Gentio
1325 1611 1404 1675 rege

180 1705 315 1787 expulso
351 1702 524 1784 dederunt,
559 1702 743 1769 Taulantiis
777 1703 1016 1769 immunitatem
1051 1705 1284 1769 concesserumt
1317 1719 1404 1768 anno

181 1809 327 1878 5671187
353 1809 580 1896 (51114666,
599 1810 663 1894 12).

341 1933 373 2002 5.
407 1935 613 2002 Dassaretae

271 2043 386 2110 ‘libera
407 2043 498 2126 gens'
523 2043 621 2128 (Plin.
645 2063 676 2110 n.
701 2044 733 2109 h.
749 2044 809 2127 IV,
826 2043 869 2128 3).

341 2168 371 2234 6.
406 2168 571 2235 Pirustae.

269 2275 425 2342 Pirustae
445 2275 639 2342 Dassaretis
661 2275 760 2342 vicini
783 2279 861 2342 sunt
882 2275 1020 2357 ideoque
1043 2274 1176 2341 aLivio
1194 2273 1260 2360 (45,
1277 2273 1330 2355 26,
1349 2273 1403 2359 12)

181 2383 337 2450 Pirustae
359 2383 630 2449 Dassaretiorum
656 2383 770 2449 vocari
793 2383 959 2464 videntur,
994 2382 1057 2448 nisi
1079 2382 1164 2447 forte
1188 2381 1293 2448 eidem
1316 2385 1405 2463 sunt,

183 2508 265 2574 quos
287 2490 415 2557 Plinius
444 2491 486 2576 (n.
511 2492 543 2556 h.
567 2491 626 2571 IV,
643 2491 676 2575 3)
710 2492 929 2572 Dassaretae,
963 2490 1100 2556 liberam
1123 2495 1271 2573 gentem,
1306 2492 1407 2555 vocat

184 2598 227 2683 (p.
252 2599 294 2663 28
318 2618 350 2665 n.
367 2597 411 2682 5).
457 2597 600 2664 Pirustis
624 2603 756 2680 praeter
778 2598 965 2665 libertatem
984 2597 1127 2664 Romani
1150 2614 1235 2663 anno
1258 2591 1406 2660 5871167

181 2706 423 2772 immunitatem
447 2705 606 2772 dederunt
630 2705 715 2789 (Liv.
739 2706 760 2770 l.
783 2705 828 2789 1.).

344 2831 374 2896 7.
409 2830 624 2897 Macedoniae
646 2850 724 2913 pars
749 2831 898 2914 superior
920 2849 980 2897 seu
1002 2830 1117 2896 libera.

273 2936 413 3020 Orestia,
437 2956 511 3004 oum
531 2957 553 3004 a
567 2937 720 3021 Philippo
736 2958 814 3021 rege
830 2938 1036 3020 defecissent,
1061 2937 1196 3005 libertas
1213 2937 1410 3004 confirmata

187 3051 239 3113 est
267 3064 289 3112 a
311 3046 470 3113 Romanis
499 3065 585 3113 anno
609 3043 756 3113 5581196
792 3046 873 3131 (Ροί.
902 3046 954 3127 18,
970 3047 1025 3128 47,
1043 3047 1117 3111 6:
1130 3047 1204 3114 Liv.
1222 3046 1276 3129 33,
1293 3045 1347 3127 34,
1364 3045 1409 3130 6);

184 3154 227 3220 ab
261 3152 316 3219 illo
344 3158 491 3236 tempore
515 3153 545 3220 ci
567 3153 661 3219 liberi
683 3154 882 3220 remansisse
904 3152 1067 3221 videntur.
1112 3153 1225 3219 Liberi
1247 3155 1412 3220 vocantur

187 3279 208 3327 a
232 3258 390 3327 Cicerone
414 3261 466 3347 (dc
489 3262 560 3328 har.
584 3279 670 3343 resp.
694 3260 749 3344 35)
774 3265 807 3327 et
831 3279 852 3327 a
874 3259 982 3326 Plinio
1007 3261 1050 3346 (11.
1073 3261 1106 3326 h.
1129 3260 1189 3342 IV,
1210 3259 1276 3344 35).

276 3365 414 3434 Orestas
438 3373 472 3434 ct
486 3372 601 3452 gentes
617 3367 753 3449 vicinas,
778 3385 863 3449 quae
878 3367 1072 3450 Elimaeam,
1096 3367 1287 3452 Lyncestin,
1310 3366 1410 3433 Pela·

186 3476 318 3559 goriam
340 3475 501 3557 incolunt,
536 3484 594 3561 ‘ep
616 3481 672 3543 ἄνω
694 3481 893 3557 1166166161,
928 3476 1117 3558 apostoris
1140 3476 1276 3542 liberam
1299 3474 1411 3541 Mace·

186 3584 318 3651 doniam
341 3584 525 3666 appellatas
549 3602 622 3649 esse
645 3582 724 3648 dicit
748 3581 868 3649 Strabo
892 3582 981 3667 (VH,
999 3583 1028 3663 7,
1053 3603 1084 3665 p.
1101 3582 1194 3665 326);
1218 3583 1331 3664 itaque
1346 3582 1412 3648 hac

187 3709 316 3773 quoquc
338 3689 492 3756 libertate
515 3707 595 3756 usae
619 3709 692 3756 esse
715 3690 877 3756 videntur.

273 3796 470 3879 Marquardt
504 3794 565 3881 (St.
589 3797 630 3863 V.
654 3795 697 3879 1²,
722 3818 752 3880 p.
779 3797 854 3878 320,
879 3816 909 3863 a.
936 3796 966 3881 1)
1003 3795 1157 3878 Orestae,
1182 3796 1412 3878 Scotussaeos,

187 3904 402 3985 Amantinos,
435 3922 517 3985 quos
547 3904 660 3970 eodem
682 3904 750 3972 fere
773 3906 845 3972 loco
868 3903 996 3970 Plinius
1021 3904 1064 3988 (n.
1088 3905 1120 3970 h.
1144 3904 1203 3985 IV,
1220 3904 1275 3988 35)
1305 3903 1414 3985 affert,

188 4032 244 4079 eos
268 4031 340 4078 esse
363 4015 470 4095 putat,
494 4030 576 4092 quos
593 4011 719 4078 066661
742 4013 782 4096 (b.
802 4031 829 4077 c.
846 4012 909 4093 HI,
927 4012 980 4093 34,
996 4011 1030 4095 4)
1053 4010 1268 4077 Macedoniae
1284 4015 1415 4094 partem

263 4206 285 4277 ¹)
304 4205 443 4278 Byllidem
470 4221 527 4261 non
554 4220 605 4261 suo
632 4203 694 4262 looo
723 4222 740 4261 6
766 4203 857 4261 Plinio
881 4203 995 4262 61161611
1014 4219 1076 4260 6666
1096 4201 1184 4260 Ouutz
1202 4203 1264 4274 ipse
1282 4204 1411 4264 concedit

192 4291 222 4363 (l.
242 4292 260 4349 1.
279 4311 306 4365 p.
326 4297 387 4361 510,
406 4311 432 4352 6.
450 4298 488 4365 4).

160 4395 163 4402 ·
262 4383 497 4455 664063
